,local_timestamp,side,price,amount
0,1722470400014926,sell,0.0110435,734
1,1722470402982045,sell,0.0110435,1633
2,1722470402982047,sell,0.0110435,25445
3,1722470402996765,sell,0.0110435,4471
4,1722470403047136,buy,0.0110436,5378
5,1722470403047137,buy,0.0110436,7054
6,1722470403054051,buy,0.0110436,27302
7,1722470403068890,sell,0.0110435,541
8,1722470403068901,sell,0.0110435,954
9,1722470403068903,sell,0.0110435,476
10,1722470403068904,sell,0.0110435,1370
11,1722470403070328,sell,0.0110435,3726
12,1722470403070329,sell,0.0110435,1886
13,1722470403070329,sell,0.0110435,16620
14,1722470403070330,sell,0.0110435,4762
15,1722470403070334,sell,0.0110435,6423
16,1722470403070338,sell,0.0110435,7021
17,1722470403070340,sell,0.0110435,11591
18,1722470403070342,sell,0.0110435,833
19,1722470403070354,sell,0.0110435,22465
20,1722470403070398,sell,0.0110431,454
21,1722470403070400,sell,0.0110421,199830
22,1722470403071076,sell,0.0110421,13443
23,1722470403071107,sell,0.011042,139531
24,1722470403071107,sell,0.0110419,36017
25,1722470403077497,sell,0.0110419,18541
26,1722470403085025,buy,0.0110424,8494
27,1722470403094135,sell,0.0110413,7260
28,1722470403094140,sell,0.0110412,5157
29,1722470403094141,sell,0.0110409,454
30,1722470403094163,sell,0.0110407,42480
31,1722470403094164,sell,0.0110403,49923
32,1722470403094165,sell,0.0110403,19740
33,1722470403094165,sell,0.0110401,5157
34,1722470403094166,sell,0.0110401,83889
35,1722470403094166,sell,0.01104,181141
36,1722470403096227,sell,0.0110399,454
37,1722470403096236,sell,0.0110399,86697
38,1722470403096238,sell,0.0110399,3857
39,1722470403096238,sell,0.0110399,33263
40,1722470403096239,sell,0.0110399,18690
41,1722470403096252,sell,0.0110399,38601
42,1722470403096253,sell,0.0110398,454
43,1722470403096254,sell,0.0110398,243
44,1722470403653422,buy,0.0110408,45126
45,1722470403653423,buy,0.0110408,1495
46,1722470403653424,buy,0.0110412,59430
47,1722470403653427,buy,0.0110416,59430
48,1722470403653428,buy,0.011042,59430
49,1722470403653429,buy,0.011042,53634
50,1722470403846978,buy,0.011042,8049
51,1722470404244346,sell,0.0110419,2050
52,1722470404597817,sell,0.0110419,1421
53,1722470404602705,sell,0.0110419,28135
54,1722470404602709,sell,0.0110419,3495
55,1722470404602709,sell,0.0110419,9138
56,1722470404602710,sell,0.0110419,45126
57,1722470404602710,sell,0.0110419,1495
58,1722470404602710,sell,0.0110408,11110
59,1722470404609599,sell,0.0110409,2633
60,1722470404724097,buy,0.0110419,6289
61,1722470404746887,buy,0.0110419,1776
62,1722470404751243,buy,0.0110419,7922
63,1722470404819183,sell,0.0110418,140752
64,1722470404819185,sell,0.0110418,1495
65,1722470404838366,sell,0.0110409,52245
66,1722470404838367,sell,0.0110409,8527
67,1722470404838367,sell,0.0110409,49315
68,1722470404838368,sell,0.0110408,190892
69,1722470404838371,sell,0.0110407,11550
70,1722470404838372,sell,0.0110407,20000
71,1722470404838376,sell,0.0110407,32030
72,1722470404838380,sell,0.0110402,4024
73,1722470404838383,sell,0.01104,97684
74,1722470404838384,sell,0.0110399,102775
75,1722470404838384,sell,0.0110398,90196
76,1722470404838387,sell,0.0110398,74253
77,1722470404838852,sell,0.0110398,1441
78,1722470404904194,sell,0.0110399,41826
79,1722470404908928,sell,0.0110399,22752
80,1722470404923529,sell,0.0110399,38197
81,1722470404924700,sell,0.0110399,12108
82,1722470404925618,sell,0.0110399,33018
83,1722470404927348,sell,0.0110399,27270
84,1722470404927349,sell,0.0110399,3768
85,1722470405016961,sell,0.0110394,712
86,1722470405016963,sell,0.0110394,17030
87,1722470405213349,sell,0.0110408,728
88,1722470405376254,buy,0.0110409,45126
89,1722470405376254,buy,0.0110409,29030
90,1722470405455297,sell,0.0110408,2795
91,1722470405485154,buy,0.0110409,1872
92,1722470405487824,buy,0.0110411,31289
93,1722470405487825,buy,0.0110413,1495
94,1722470405519704,sell,0.0110419,3697
95,1722470405534807,sell,0.0110419,104963
96,1722470405534857,sell,0.0110419,27842
97,1722470405577893,sell,0.0110417,543
98,1722470405791213,sell,0.0110419,194045
99,1722470405791215,sell,0.0110419,32287
100,1722470405795114,sell,0.0110419,11871
101,1722470405795116,sell,0.0110419,102695
102,1722470405795122,sell,0.0110419,51558
103,1722470405795123,sell,0.0110419,60208
104,1722470405797711,sell,0.0110419,38868
105,1722470405797712,sell,0.0110419,102775
106,1722470405798893,sell,0.0110418,908
107,1722470405868236,buy,0.011042,533
108,1722470405868237,buy,0.011042,1242
109,1722470405868254,buy,0.011042,39872
110,1722470405869261,buy,0.011042,30411
111,1722470405869262,buy,0.011042,27892
112,1722470405869270,buy,0.011042,901
113,1722470405869270,buy,0.011042,2290
114,1722470405869272,buy,0.0110423,40752
115,1722470405869279,buy,0.0110423,122256
116,1722470405869280,buy,0.0110423,75466
117,1722470405869280,buy,0.0110423,67392
118,1722470405879118,buy,0.0110423,8074
119,1722470405879123,buy,0.0110423,75466
120,1722470405879124,buy,0.0110423,75466
121,1722470405879130,buy,0.0110423,7844
122,1722470405879136,buy,0.0110423,60076
123,1722470405879138,buy,0.0110423,7301
124,1722470405879138,buy,0.0110423,92218
125,1722470405879159,buy,0.0110423,89147
126,1722470405879160,buy,0.0110423,25230
127,1722470405879160,buy,0.0110423,50236
128,1722470405879160,buy,0.0110423,48961
129,1722470405879161,buy,0.0110423,222719
130,1722470405879161,buy,0.0110424,305640
131,1722470405879162,buy,0.0110424,11665
132,1722470405879162,buy,0.0110424,62835
133,1722470405879903,buy,0.0110424,39780
134,1722470405879905,buy,0.0110425,113200
135,1722470405879905,buy,0.0110425,72372
136,1722470405979947,buy,0.011043,909
137,1722470406314650,buy,0.0110436,20300
138,1722470406422625,buy,0.0110436,8498
139,1722470406424257,sell,0.0110435,18822
140,1722470406654711,sell,0.0110435,507
141,1722470406654714,sell,0.0110435,1598
142,1722470406654715,sell,0.0110435,22507
143,1722470406654715,sell,0.0110435,1495
144,1722470406654717,sell,0.011043,4245
145,1722470406654720,sell,0.0110425,5852
146,1722470406756279,sell,0.0110421,454
147,1722470406756283,sell,0.0110421,37731
148,1722470406801098,sell,0.0110418,454
149,1722470406801099,sell,0.0110418,157959
150,1722470406801100,sell,0.0110417,1495
151,1722470406919396,sell,0.0110408,1766
152,1722470406919410,sell,0.0110408,9075
153,1722470406919412,sell,0.0110408,18150
154,1722470406919414,sell,0.0110408,16135
155,1722470406920375,sell,0.0110408,11091
156,1722470406920376,sell,0.0110408,18150
157,1722470406920376,sell,0.0110408,9075
158,1722470406920379,sell,0.0110408,3629
159,1722470406920381,sell,0.0110408,18150
160,1722470406920383,sell,0.0110408,9075
161,1722470406920385,sell,0.0110408,9075
162,1722470406920387,sell,0.0110408,9075
163,1722470406920388,sell,0.0110408,9075
164,1722470406920390,sell,0.0110408,4537
165,1722470406920393,sell,0.0110408,18150
166,1722470406920394,sell,0.0110408,5444
167,1722470406920397,sell,0.0110408,3629
168,1722470406920398,sell,0.0110408,13612
169,1722470406920717,sell,0.0110408,13612
170,1722470406920718,sell,0.0110408,13612
171,1722470406920719,sell,0.0110408,1495
172,1722470406920722,sell,0.0110408,24535
173,1722470406967302,sell,0.0110404,26709
174,1722470406969356,sell,0.0110398,90439
175,1722470406969359,sell,0.0110395,48913
176,1722470406969362,sell,0.0110394,11156
177,1722470406969375,sell,0.0110389,454
178,1722470406969375,sell,0.0110389,1575
179,1722470406970588,sell,0.0110388,1742
180,1722470406970588,sell,0.0110387,6299
181,1722470406970588,sell,0.0110385,5157
182,1722470406970589,sell,0.0110385,14148
183,1722470406971287,sell,0.0110384,1495
184,1722470406971287,sell,0.0110383,590
185,1722470407254953,sell,0.0110383,686
186,1722470407279194,sell,0.0110383,884
187,1722470407279195,sell,0.0110383,9488
188,1722470407279199,sell,0.0110383,1495
189,1722470407281237,sell,0.0110382,46325
190,1722470407281238,sell,0.0110381,37406
191,1722470407281247,sell,0.0110381,71554
192,1722470407281249,sell,0.011038,1260
193,1722470407281250,sell,0.011038,1260
194,1722470407281250,sell,0.0110379,454
195,1722470407287286,sell,0.0110377,454
196,1722470407287288,sell,0.0110377,1260
197,1722470407320367,sell,0.0110376,1743
198,1722470407320369,sell,0.0110374,1260
199,1722470407320369,sell,0.0110374,64322
200,1722470407320370,sell,0.0110373,455
201,1722470407320372,sell,0.0110371,909
202,1722470407320390,sell,0.0110371,6652
203,1722470407320396,sell,0.0110371,42270
204,1722470407327141,sell,0.0110366,455
205,1722470407327141,sell,0.0110366,89654
206,1722470407327149,sell,0.0110365,52146
207,1722470407327150,sell,0.0110365,71074
208,1722470407327921,sell,0.0110365,18121
209,1722470407327928,sell,0.0110364,1743
210,1722470407327929,sell,0.0110363,749
211,1722470407327931,sell,0.0110361,68377
212,1722470407327935,sell,0.011036,455
213,1722470407328893,sell,0.0110358,70357
214,1722470407328894,sell,0.0110358,7947
215,1722470407329633,sell,0.0110358,119097
216,1722470407329634,sell,0.0110355,37408
217,1722470407330789,sell,0.0110354,1746
218,1722470407343341,sell,0.0110352,1743
219,1722470407343341,sell,0.0110352,553
220,1722470407344189,sell,0.0110352,57704
221,1722470407467669,sell,0.0110352,3351
222,1722470408084295,sell,0.0110352,829
223,1722470408131064,sell,0.0110352,1226
224,1722470408252760,buy,0.0110353,15179
225,1722470408267101,sell,0.0110352,27329
226,1722470408267105,sell,0.0110352,20318
227,1722470408315701,sell,0.0110352,1769
228,1722470408315706,sell,0.0110352,1603
229,1722470408319096,sell,0.0110352,1000
230,1722470408558756,sell,0.0110352,643
231,1722470408630037,buy,0.0110353,8270
232,1722470408709005,sell,0.0110352,699
233,1722470408765484,sell,0.0110352,2526
234,1722470408765488,sell,0.0110352,476
235,1722470408765489,sell,0.0110352,10955
236,1722470408765490,sell,0.0110352,1496
237,1722470408772591,sell,0.0110349,712
238,1722470408772592,sell,0.0110349,25398
239,1722470408772596,sell,0.0110349,1496
240,1722470408772597,sell,0.0110347,455
241,1722470408774719,sell,0.0110346,2268
242,1722470408778939,sell,0.011034,1744
243,1722470408778942,sell,0.011034,71519
244,1722470408778944,sell,0.011034,28675
245,1722470408784085,sell,0.0110339,455
246,1722470408784099,sell,0.0110338,3620
247,1722470408784100,sell,0.0110338,455
248,1722470408784962,sell,0.0110335,46325
249,1722470408859961,sell,0.0110333,680
250,1722470408919527,sell,0.0110333,68
251,1722470408922900,sell,0.0110332,455
252,1722470408923976,sell,0.0110327,48637
253,1722470408927338,sell,0.0110325,455
254,1722470408927339,sell,0.0110324,455
255,1722470408930516,sell,0.0110322,455
256,1722470408995046,sell,0.0110319,62449
257,1722470408995095,sell,0.0110319,1496
258,1722470408995096,sell,0.0110318,1496
259,1722470408995100,sell,0.0110318,1766
260,1722470408995104,sell,0.0110317,87397
261,1722470408996593,sell,0.0110317,22577
262,1722470409022661,sell,0.0110316,12392
263,1722470409022661,sell,0.0110316,4924
264,1722470409022664,sell,0.0110316,997
265,1722470409022667,sell,0.0110316,27505
266,1722470409300827,buy,0.0110317,18988
267,1722470409302122,buy,0.0110317,52245
268,1722470409302127,buy,0.0110317,50523
269,1722470409306954,buy,0.0110317,48553
270,1722470409306960,buy,0.0110317,194045
271,1722470409306961,buy,0.0110317,97023
272,1722470409306975,buy,0.0110317,669
273,1722470409306976,buy,0.0110317,45315
274,1722470409306994,buy,0.0110317,51489
275,1722470409306995,buy,0.0110317,3503
276,1722470409306995,buy,0.0110317,934
277,1722470409306996,buy,0.0110317,2546
278,1722470409306996,buy,0.0110317,1249
279,1722470409307000,buy,0.0110317,1496
280,1722470409307002,buy,0.0110317,1074
281,1722470409307006,buy,0.0110317,3104
282,1722470409307008,buy,0.0110317,3316
283,1722470409409576,sell,0.0110323,26542
284,1722470409487879,sell,0.0110323,699
285,1722470409557529,sell,0.0110323,22101
286,1722470409558629,sell,0.0110323,13435
287,1722470409621732,sell,0.0110323,52103
288,1722470409621735,sell,0.0110323,66569
289,1722470409621738,sell,0.0110323,1496
290,1722470409624870,sell,0.0110316,211984
291,1722470409624875,sell,0.0110316,44250
292,1722470409624877,sell,0.0110315,455
293,1722470409900164,sell,0.0110312,1190
294,1722470409900176,sell,0.0110312,3632
295,1722470409900177,sell,0.0110312,18166
296,1722470409900178,sell,0.0110312,27249
297,1722470409900199,sell,0.0110312,13624
298,1722470409900199,sell,0.0110312,9083
299,1722470409900200,sell,0.0110312,9083
300,1722470409900200,sell,0.0110312,3632
301,1722470409900200,sell,0.0110312,9083
302,1722470409900201,sell,0.0110312,9083
303,1722470409900201,sell,0.0110312,9083
304,1722470409900202,sell,0.0110312,4541
305,1722470409900202,sell,0.0110312,13624
306,1722470409900202,sell,0.0110312,13624
307,1722470409900203,sell,0.0110312,9083
308,1722470409900203,sell,0.0110312,5449
309,1722470409900207,sell,0.0110312,18166
310,1722470409900208,sell,0.0110312,18166
311,1722470409900208,sell,0.0110312,18166
312,1722470409900213,sell,0.0110312,45126
313,1722470409901293,sell,0.0110312,1496
314,1722470409901295,sell,0.011031,455
315,1722470409901297,sell,0.0110308,455
316,1722470409901299,sell,0.0110307,1496
317,1722470409901301,sell,0.0110306,455
318,1722470409901302,sell,0.0110305,11104
319,1722470409901308,sell,0.0110304,712
320,1722470409901309,sell,0.0110304,2133
321,1722470409901310,sell,0.0110304,2133
322,1722470409901310,sell,0.0110303,455
323,1722470409901310,sell,0.01103,467
324,1722470409901311,sell,0.01103,44144
325,1722470409901317,sell,0.0110299,455
326,1722470409901318,sell,0.0110299,5157
327,1722470409901318,sell,0.0110298,1192
328,1722470409901319,sell,0.0110298,44144
329,1722470409901319,sell,0.0110297,455
330,1722470409901321,sell,0.0110297,54529
331,1722470409901323,sell,0.0110296,1496
332,1722470409901326,sell,0.0110295,58009
333,1722470409901327,sell,0.0110294,1496
334,1722470409901334,sell,0.0110293,455
335,1722470409901334,sell,0.0110293,109248
336,1722470409901335,sell,0.0110292,1745
337,1722470409901335,sell,0.0110292,363479
338,1722470409901336,sell,0.0110292,27842
339,1722470409901336,sell,0.0110292,29298
340,1722470409901339,sell,0.0110291,19740
341,1722470409901340,sell,0.0110291,20760
342,1722470409901342,sell,0.011029,36227
343,1722470409901343,sell,0.0110289,455
344,1722470409901345,sell,0.0110288,1192
345,1722470409901348,sell,0.0110288,5157
346,1722470409901349,sell,0.0110287,112526
347,1722470409901354,sell,0.0110286,90439
348,1722470409901355,sell,0.0110286,106861
349,1722470409901355,sell,0.0110285,463
350,1722470409901355,sell,0.0110285,1496
351,1722470409901357,sell,0.0110285,235511
352,1722470409901360,sell,0.0110284,12360
353,1722470409901360,sell,0.0110284,455
354,1722470409901363,sell,0.0110283,28044
355,1722470409901364,sell,0.0110283,68793
356,1722470409901367,sell,0.0110282,27202
357,1722470409901367,sell,0.0110282,15906
358,1722470409929025,buy,0.0110294,44146
359,1722470409965831,sell,0.0110296,45126
360,1722470409965832,sell,0.0110295,9280
361,1722470409965844,sell,0.0110295,45126
362,1722470409965848,sell,0.0110294,45126
363,1722470409992355,sell,0.0110284,36276
364,1722470410094182,sell,0.0110281,10903
365,1722470410094188,sell,0.0110281,10940
366,1722470410094189,sell,0.0110281,26210
367,1722470410101766,buy,0.0110282,1557
368,1722470410214216,buy,0.0110282,314
369,1722470410214218,buy,0.0110282,1183
370,1722470410214218,buy,0.0110282,479
371,1722470410214219,buy,0.0110282,482
372,1722470410319322,buy,0.0110282,51284
373,1722470410319325,buy,0.0110282,1497
374,1722470410448590,buy,0.0110284,6176
375,1722470410500925,sell,0.0110282,90948
376,1722470410500925,sell,0.0110282,49207
377,1722470410500928,sell,0.0110279,1945
378,1722470410500928,sell,0.0110279,1242
379,1722470410500928,sell,0.0110278,455
380,1722470410618824,buy,0.0110277,405
381,1722470410962999,sell,0.0110276,455
382,1722470410963001,sell,0.0110276,786
383,1722470410963010,sell,0.0110276,23820
384,1722470410963011,sell,0.0110276,1497
385,1722470410966098,sell,0.0110274,1925
386,1722470410966099,sell,0.0110273,455
387,1722470411031052,buy,0.0110273,96696
388,1722470411031052,buy,0.0110273,36544
389,1722470411031053,buy,0.0110273,44146
390,1722470411031053,buy,0.0110273,44146
391,1722470411031053,buy,0.0110273,48030
392,1722470411260342,sell,0.0110272,749
393,1722470411260346,sell,0.0110272,1170
394,1722470411260347,sell,0.0110272,71142
395,1722470411262058,sell,0.0110272,19019
396,1722470411263551,sell,0.011027,455
397,1722470411265283,sell,0.0110269,455
398,1722470411265283,sell,0.0110268,455
399,1722470411279657,buy,0.0110267,36544
400,1722470411279662,buy,0.0110267,9058
401,1722470411279662,buy,0.0110267,8540
402,1722470411279663,buy,0.0110267,37363
403,1722470411279673,buy,0.0110267,2014
404,1722470411279675,buy,0.0110267,27842
405,1722470411279683,buy,0.0110267,17743
406,1722470411279683,buy,0.0110267,2350
407,1722470411279684,buy,0.0110267,34999
408,1722470411279684,buy,0.0110267,30803
409,1722470411357294,sell,0.0110266,695
410,1722470411448880,sell,0.0110266,54
411,1722470411448881,sell,0.0110266,1746
412,1722470411448882,sell,0.0110266,578
413,1722470411448882,sell,0.0110266,2507
414,1722470411448885,sell,0.0110266,42871
415,1722470411833424,buy,0.0110273,1191
416,1722470411833429,buy,0.0110273,5020
417,1722470411833432,buy,0.0110273,3958
418,1722470411833435,buy,0.0110275,40806
419,1722470411833437,buy,0.0110275,68011
420,1722470411833440,buy,0.0110275,158692
421,1722470411833444,buy,0.0110275,158128
422,1722470411833446,buy,0.0110275,181503
423,1722470411833449,buy,0.0110275,33111
424,1722470411833452,buy,0.0110275,304993
425,1722470411939079,buy,0.0110284,477
426,1722470412156260,sell,0.0110281,1896
427,1722470412236258,buy,0.0110282,28180
428,1722470412236258,buy,0.0110282,50974
429,1722470412236259,buy,0.0110282,21135
430,1722470412236259,buy,0.0110282,45126
431,1722470412236260,buy,0.0110282,53535
432,1722470412239101,buy,0.0110282,1000
433,1722470412244680,sell,0.0110281,63482
434,1722470412336310,buy,0.0110282,11158
435,1722470412336312,buy,0.0110282,32720
436,1722470412430604,sell,0.0110283,3913
437,1722470412430605,sell,0.0110281,134022
438,1722470412430615,sell,0.0110281,4976
439,1722470412430616,sell,0.0110281,873
440,1722470412430617,sell,0.0110275,34999
441,1722470412430619,sell,0.0110275,29885
442,1722470412649438,buy,0.0110265,50870
443,1722470412649439,buy,0.0110265,45126
444,1722470412649440,buy,0.0110265,1497
445,1722470413038446,sell,0.0110284,34999
446,1722470413038448,sell,0.011028,34999
447,1722470413038453,sell,0.0110272,16668
448,1722470413038454,sell,0.0110271,81022
449,1722470413038455,sell,0.0110271,86423
450,1722470413038456,sell,0.0110267,42480
451,1722470413038457,sell,0.0110264,455
452,1722470413038459,sell,0.0110264,531
453,1722470413040118,sell,0.0110263,455
454,1722470413092155,sell,0.0110262,50967
455,1722470413092157,sell,0.0110262,39472
456,1722470413092157,sell,0.0110261,455
457,1722470413099134,sell,0.011026,909
458,1722470413108768,sell,0.0110259,712
459,1722470413112213,sell,0.0110256,455
460,1722470413122564,sell,0.0110254,455
461,1722470413159909,sell,0.0110251,455
462,1722470413234250,buy,0.0110251,50722
463,1722470413234292,buy,0.0110251,52245
464,1722470413235289,buy,0.0110251,102775
465,1722470413235295,buy,0.0110251,17650
466,1722470413349517,buy,0.0110251,1676
467,1722470413349517,buy,0.0110251,45126
468,1722470413349518,buy,0.0110251,5670
469,1722470413394809,sell,0.011025,9433
470,1722470413394826,sell,0.011025,464
471,1722470413394827,sell,0.011025,846
472,1722470413394828,sell,0.011025,481
473,1722470413394829,sell,0.011025,1217
474,1722470413394850,sell,0.011025,9282
475,1722470413394863,sell,0.011025,10091
476,1722470413565558,buy,0.0110251,1882
477,1722470413662312,buy,0.0110251,839
478,1722470413795233,sell,0.011025,45126
479,1722470413795234,sell,0.011025,1497
480,1722470413795241,sell,0.011025,24689
481,1722470413795242,sell,0.0110249,455
482,1722470413795243,sell,0.0110248,455
483,1722470413795243,sell,0.0110247,4845
484,1722470413972055,sell,0.0110247,13142
485,1722470413972061,sell,0.0110247,1497
486,1722470413972061,sell,0.0110245,33247
487,1722470414205854,buy,0.0110246,4663
488,1722470414205854,buy,0.0110246,29885
489,1722470414205855,buy,0.0110246,30946
490,1722470414205855,buy,0.0110246,10652
491,1722470414205856,buy,0.0110246,9699
492,1722470414205857,buy,0.0110246,32785
493,1722470414205872,buy,0.0110246,139553
494,1722470414205872,buy,0.0110246,24447
495,1722470414205872,buy,0.0110246,27505
496,1722470414205873,buy,0.0110246,36544
497,1722470414205873,buy,0.0110246,18773
498,1722470414205874,buy,0.0110246,1497
499,1722470414205876,buy,0.0110246,3328
500,1722470414205879,buy,0.0110246,6509
501,1722470414205884,buy,0.0110246,5270
502,1722470414205885,buy,0.0110247,34999
503,1722470414205889,buy,0.0110247,27999
504,1722470414205898,buy,0.0110247,17499
505,1722470414205898,buy,0.0110247,16620
506,1722470414205899,buy,0.0110247,9280
507,1722470414205899,buy,0.0110247,34999
508,1722470414205902,buy,0.0110247,17499
509,1722470414205911,buy,0.0110248,63405
510,1722470414205911,buy,0.0110248,31289
511,1722470414205912,buy,0.011025,86423
512,1722470414205912,buy,0.0110251,1638
513,1722470414205928,buy,0.0110251,84836
514,1722470414205930,buy,0.0110253,40814
515,1722470414205930,buy,0.0110253,137834
516,1722470414205931,buy,0.0110253,51123
517,1722470414205931,buy,0.0110253,154015
518,1722470414235261,buy,0.0110253,4709
519,1722470414235269,buy,0.0110253,68024
520,1722470414235280,buy,0.0110253,149480
521,1722470414241177,buy,0.0110253,48340
522,1722470414268897,buy,0.0110253,17591
523,1722470414268899,buy,0.0110253,110449
524,1722470414268899,buy,0.0110253,158724
525,1722470414268905,buy,0.0110253,306111
526,1722470414394086,sell,0.0110263,73110
527,1722470414597309,sell,0.0110263,1572
528,1722470414638879,buy,0.0110252,3048
529,1722470414913160,buy,0.0110252,47487
530,1722470414913163,buy,0.0110252,59430
531,1722470414913163,buy,0.0110252,33344
532,1722470415080250,buy,0.0110252,16620
533,1722470415080252,buy,0.0110252,1497
534,1722470415235404,buy,0.0110264,42391
535,1722470415235405,buy,0.0110264,59430
536,1722470415235432,buy,0.0110264,45126
537,1722470415235434,buy,0.0110264,1497
538,1722470415235434,buy,0.0110264,1497
539,1722470415364798,sell,0.0110264,45338
540,1722470415644337,sell,0.0110264,28782
541,1722470415644338,sell,0.0110264,47751
542,1722470415644338,sell,0.0110264,1497
543,1722470415644339,sell,0.0110263,27120
544,1722470415644387,sell,0.011026,27120
545,1722470415793941,sell,0.0110251,3074
546,1722470415793949,sell,0.0110245,15730
547,1722470415793951,sell,0.0110243,8346
548,1722470415793951,sell,0.0110241,1497
549,1722470415793957,sell,0.011024,455
550,1722470415793958,sell,0.0110237,455
551,1722470415793959,sell,0.0110236,46769
552,1722470415975956,sell,0.0110236,43945
553,1722470415975956,sell,0.0110236,882
554,1722470415975957,sell,0.0110236,14159
555,1722470416169383,buy,0.0110237,651
556,1722470416234643,buy,0.0110237,15969
557,1722470416234650,buy,0.0110237,7730
558,1722470416234651,buy,0.0110237,2147
559,1722470416234651,buy,0.0110237,81334
560,1722470416234653,buy,0.0110237,38809
561,1722470416234660,buy,0.0110237,93619
562,1722470416241847,buy,0.0110237,51581
563,1722470416562650,sell,0.0110236,11714
564,1722470416793540,buy,0.0110237,17801
565,1722470417050256,sell,0.0110236,477
566,1722470417050258,sell,0.0110236,35694
567,1722470417050259,sell,0.0110236,26216
568,1722470417050273,sell,0.0110236,524
569,1722470417050274,sell,0.0110236,520091
570,1722470417050274,sell,0.0110236,296153
571,1722470417050275,sell,0.0110236,3626
572,1722470417050290,sell,0.0110236,52245
573,1722470417051133,sell,0.0110236,136106
574,1722470417051135,sell,0.0110236,23960
575,1722470417051140,sell,0.0110234,1191
576,1722470417051148,sell,0.0110232,455
577,1722470417051968,sell,0.011023,1228
578,1722470417051975,sell,0.0110229,6242
579,1722470417051976,sell,0.0110229,455
580,1722470417051980,sell,0.0110228,1870
581,1722470417052018,sell,0.0110226,36331
582,1722470417053441,sell,0.0110223,1040
583,1722470417053444,sell,0.011022,2250
584,1722470417075468,sell,0.0110219,45126
585,1722470417075469,sell,0.0110218,499
586,1722470417075469,sell,0.0110218,1080
587,1722470417075470,sell,0.0110218,469
588,1722470417075470,sell,0.0110217,4164
589,1722470417075470,sell,0.0110217,1442
590,1722470417086195,sell,0.0110214,912
591,1722470417086199,sell,0.0110214,712
592,1722470417086216,sell,0.0110214,5596
593,1722470417160080,sell,0.0110214,84843
594,1722470417160081,sell,0.0110214,27273
595,1722470417160090,sell,0.0110214,18182
596,1722470417160091,sell,0.0110214,18182
597,1722470417160095,sell,0.0110214,18182
598,1722470417160109,sell,0.0110214,18182
599,1722470417160110,sell,0.0110214,8297
600,1722470417161427,sell,0.0110214,5339
601,1722470417161436,sell,0.0110214,13636
602,1722470417161436,sell,0.0110214,13636
603,1722470417161437,sell,0.0110213,10000
604,1722470417161439,sell,0.0110213,4432
605,1722470417161441,sell,0.0110212,1766
606,1722470417161443,sell,0.0110212,3508
607,1722470417161445,sell,0.0110212,30000
608,1722470417161451,sell,0.0110212,1150
609,1722470417161452,sell,0.0110212,919
610,1722470417161453,sell,0.0110211,498
611,1722470417161453,sell,0.0110211,11088
612,1722470417161454,sell,0.011021,907
613,1722470417167164,sell,0.0110208,811
614,1722470417167167,sell,0.0110208,3636
615,1722470417167168,sell,0.0110208,4461
616,1722470417167203,sell,0.0110208,9091
617,1722470417167203,sell,0.0110208,27275
618,1722470417167204,sell,0.0110208,9091
619,1722470417168105,sell,0.0110208,9091
620,1722470417168113,sell,0.0110208,9091
621,1722470417168114,sell,0.0110208,9091
622,1722470417168114,sell,0.0110208,9091
623,1722470417168114,sell,0.0110208,3636
624,1722470417168118,sell,0.0110208,13637
625,1722470417168119,sell,0.0110208,18183
626,1722470417168122,sell,0.0110208,4545
627,1722470417168125,sell,0.0110208,13637
628,1722470417168133,sell,0.0110208,5454
629,1722470417168133,sell,0.0110208,2274
630,1722470417168143,sell,0.0110208,11363
631,1722470417168149,sell,0.0110208,18183
632,1722470417168150,sell,0.0110207,6215
633,1722470417168150,sell,0.0110207,1882
634,1722470417168153,sell,0.0110206,26139
635,1722470417168157,sell,0.0110205,838
636,1722470417168158,sell,0.0110204,506
637,1722470417168161,sell,0.0110203,600
638,1722470417168164,sell,0.0110202,2075
639,1722470417173303,sell,0.0110202,749
640,1722470417173315,sell,0.0110201,976
641,1722470417173319,sell,0.0110201,4395
642,1722470417173322,sell,0.01102,749
643,1722470417173325,sell,0.01102,10841
644,1722470417173331,sell,0.01102,6879
645,1722470417173332,sell,0.01102,862
646,1722470417173332,sell,0.01102,890
647,1722470417173339,sell,0.01102,568
648,1722470417173340,sell,0.01102,516
649,1722470417173340,sell,0.01102,7514
650,1722470417173343,sell,0.01102,1102
651,1722470417173351,sell,0.01102,1159
652,1722470417173351,sell,0.01102,1190
653,1722470417173352,sell,0.01102,2478
654,1722470417173354,sell,0.01102,2728
655,1722470417173357,sell,0.01102,7117
656,1722470417173359,sell,0.01102,5473
657,1722470417173363,sell,0.01102,4072
658,1722470417173366,sell,0.01102,487
659,1722470417173369,sell,0.01102,651
660,1722470417173378,sell,0.01102,960
661,1722470417173379,sell,0.01102,676
662,1722470417173398,sell,0.01102,102102
663,1722470417173399,sell,0.01102,3361
664,1722470417173400,sell,0.01102,10000
665,1722470417173400,sell,0.01102,7998
666,1722470417173401,sell,0.01102,74084
667,1722470417173401,sell,0.0110198,2016
668,1722470417173402,sell,0.0110197,4658
669,1722470417173405,sell,0.0110196,477
670,1722470417173407,sell,0.0110196,3484
671,1722470417173415,sell,0.0110195,10831
672,1722470417173416,sell,0.0110195,78534
673,1722470417173930,sell,0.0110195,260577
674,1722470417173941,sell,0.0110195,48782
675,1722470417173943,sell,0.0110195,1320
676,1722470417173947,sell,0.0110194,837
677,1722470417173954,sell,0.0110194,809
678,1722470417173956,sell,0.0110194,2792
679,1722470417173956,sell,0.0110194,1125
680,1722470417173956,sell,0.0110194,521
681,1722470417173961,sell,0.0110193,2135
682,1722470417173962,sell,0.0110193,2135
683,1722470417173964,sell,0.0110192,908
684,1722470417173967,sell,0.0110191,553
685,1722470417185985,buy,0.0110191,8626
686,1722470417185996,buy,0.0110191,12625
687,1722470417185998,buy,0.0110191,5476
688,1722470417186001,buy,0.0110191,102775
689,1722470417187305,buy,0.0110191,52245
690,1722470417187307,buy,0.0110191,51057
691,1722470417187307,buy,0.0110191,45126
692,1722470417237814,buy,0.0110199,37653
693,1722470417237814,buy,0.0110199,45126
694,1722470417237814,buy,0.01102,1361
695,1722470417237815,buy,0.01102,45126
696,1722470417302954,buy,0.0110201,452
697,1722470417401460,sell,0.01102,26636
698,1722470417626245,sell,0.01102,44683
699,1722470417827111,buy,0.0110201,457
700,1722470417827113,buy,0.0110201,13419
701,1722470417827117,buy,0.0110201,90220
702,1722470417827120,buy,0.0110201,1000
703,1722470417827123,buy,0.0110201,6653
704,1722470417827125,buy,0.0110201,3498
705,1722470417827129,buy,0.0110201,2420
706,1722470417827130,buy,0.0110201,3144
707,1722470417827134,buy,0.0110203,31289
708,1722470417854806,buy,0.0110207,92073
709,1722470417854819,buy,0.0110207,27139
710,1722470417854862,buy,0.0110211,14549
711,1722470417854863,buy,0.0110214,34999
712,1722470417854863,buy,0.0110214,455
713,1722470417854863,buy,0.0110214,25786
714,1722470417854864,buy,0.0110215,1498
715,1722470417905060,buy,0.011022,59430
716,1722470417946534,sell,0.0110222,30943
717,1722470417960394,buy,0.0110223,54578
718,1722470417963632,buy,0.0110228,40822
719,1722470417963634,buy,0.0110228,68038
720,1722470417963634,buy,0.0110228,11530
721,1722470417964450,buy,0.0110228,147226
722,1722470417964451,buy,0.0110228,24549
723,1722470417965905,buy,0.0110228,134207
724,1722470417965906,buy,0.0110228,17438
725,1722470417965906,buy,0.0110228,180219
726,1722470417977078,sell,0.0110227,527
727,1722470418047455,sell,0.0110227,27707
728,1722470418050714,sell,0.0110227,1000
729,1722470418120578,sell,0.0110227,6853
730,1722470418120584,sell,0.0110227,5460
731,1722470418120584,sell,0.0110227,2195
732,1722470418153533,sell,0.0110227,1518
733,1722470418236723,buy,0.0110228,17797
734,1722470418236725,buy,0.0110228,122468
735,1722470418236725,buy,0.0110228,87454
736,1722470418242138,buy,0.0110228,52144
737,1722470418323781,buy,0.0110228,49397
738,1722470418323783,buy,0.0110228,120087
739,1722470418326707,buy,0.0110228,152066
740,1722470418326713,buy,0.0110228,66565
741,1722470418326721,buy,0.0110228,45126
742,1722470418636347,sell,0.0110227,1204
743,1722470418636347,sell,0.0110218,2869
744,1722470419045128,sell,0.0110208,9091
745,1722470419045133,sell,0.0110208,3636
746,1722470419045134,sell,0.0110208,6021
747,1722470419045136,buy,0.0110209,22368
748,1722470419045136,sell,0.0110208,3070
749,1722470419045138,sell,0.0110208,19275
750,1722470419045142,sell,0.0110208,8000
751,1722470419045143,sell,0.0110208,9091
752,1722470419045144,sell,0.0110208,3636
753,1722470419045147,sell,0.0110208,9091
754,1722470419045149,sell,0.0110208,12432
755,1722470419045153,buy,0.0110209,6866
756,1722470419045155,buy,0.0110209,6404
757,1722470419051846,buy,0.0110209,775
758,1722470419215296,buy,0.0110209,37947
759,1722470419215297,buy,0.0110209,789
760,1722470419215298,sell,0.0110208,5751
761,1722470419215302,sell,0.0110208,9091
762,1722470419215303,sell,0.0110208,9091
763,1722470419215306,sell,0.0110208,5454
764,1722470419215311,sell,0.0110208,28505
765,1722470419215312,sell,0.0110208,22236
766,1722470419215314,sell,0.0110208,18183
767,1722470419215316,sell,0.0110208,18183
768,1722470419215325,sell,0.0110208,18183
769,1722470419215327,sell,0.0110208,13637
770,1722470419215327,sell,0.0110208,13637
771,1722470419215328,sell,0.0110208,13637
772,1722470419215328,sell,0.0110208,4545
773,1722470419215333,sell,0.0110208,16620
774,1722470419215334,sell,0.0110208,147681
775,1722470419215339,sell,0.0110208,1498
776,1722470419215340,sell,0.0110208,27275
777,1722470419216249,sell,0.0110208,9091
778,1722470419216250,sell,0.0110208,9091
779,1722470419216250,sell,0.0110208,3636
780,1722470419216250,sell,0.0110208,9091
781,1722470419216251,sell,0.0110208,3636
782,1722470419216255,sell,0.0110208,9091
783,1722470419216256,sell,0.0110208,4763
784,1722470419234197,sell,0.0110208,23742
785,1722470419234201,sell,0.0110208,1884
786,1722470419234206,sell,0.0110208,12988
787,1722470419241286,sell,0.0110208,30663
788,1722470419241286,sell,0.0110208,9091
789,1722470419241287,sell,0.0110208,9091
790,1722470419241288,sell,0.0110208,1897
791,1722470419241288,sell,0.0110208,14539
792,1722470419261480,buy,0.0110209,6404
793,1722470419261488,buy,0.0110209,775
794,1722470419261489,buy,0.0110209,37947
795,1722470419261489,buy,0.0110209,102775
796,1722470419261496,buy,0.0110209,54744
797,1722470419261497,buy,0.0110209,16620
798,1722470419261503,buy,0.0110209,5251
799,1722470419373255,buy,0.0110215,36075
800,1722470419375881,buy,0.0110215,45126
801,1722470419390452,buy,0.0110215,12615
802,1722470419411875,buy,0.0110228,6146
803,1722470419432645,buy,0.0110228,51076
804,1722470419442924,buy,0.0110228,137259
805,1722470419442929,buy,0.0110228,5994
806,1722470419444862,buy,0.0110228,688
807,1722470419444867,buy,0.0110228,27489
808,1722470419444868,buy,0.0110228,477
809,1722470419450299,buy,0.0110233,455
810,1722470419450303,buy,0.0110233,54578
811,1722470419501942,buy,0.0110235,88316
812,1722470419501942,buy,0.0110236,144023
813,1722470419501942,buy,0.0110236,93329
814,1722470419501944,buy,0.0110236,87110
815,1722470419502816,buy,0.0110236,20069
816,1722470419502931,buy,0.0110236,474963
817,1722470419504129,buy,0.0110236,27751
818,1722470419511411,buy,0.0110236,13850
819,1722470419518706,buy,0.0110236,1109914
820,1722470419595626,buy,0.0110243,712
821,1722470419616477,sell,0.0110245,9000
822,1722470419739821,buy,0.0110246,14051
823,1722470419739829,buy,0.0110246,914
824,1722470419771142,sell,0.0110245,652
825,1722470419797793,sell,0.0110245,529
826,1722470419799638,buy,0.0110246,1405
827,1722470419859456,sell,0.0110245,67487
828,1722470419862553,sell,0.0110245,1000
829,1722470420139801,sell,0.0110236,1497
830,1722470420139806,sell,0.0110235,15443
831,1722470420236777,buy,0.0110236,45315
832,1722470420236778,buy,0.0110236,34999
833,1722470420236781,buy,0.0110236,135015
834,1722470420259151,buy,0.0110236,37323
835,1722470420259161,buy,0.0110236,11988
836,1722470420288748,buy,0.0110236,45126
837,1722470420288754,buy,0.0110236,762
838,1722470420288758,buy,0.0110236,1497
839,1722470420301026,sell,0.0110236,18865
840,1722470420398691,buy,0.0110237,1170
841,1722470420437672,sell,0.0110236,1331
842,1722470420756900,sell,0.0110235,3159
843,1722470420756902,sell,0.0110225,52245
844,1722470420756910,sell,0.011022,25179
845,1722470420759552,sell,0.0110221,8277
846,1722470420899801,sell,0.011022,60000
847,1722470420954793,sell,0.0110218,3358
848,1722470420991198,sell,0.0110218,717
849,1722470421008784,sell,0.0110218,12545
850,1722470421008785,sell,0.0110218,477
851,1722470421013179,sell,0.011021,161044
852,1722470421206815,sell,0.0110208,3393
853,1722470421234435,buy,0.0110209,45126
854,1722470421234440,buy,0.0110209,1498
855,1722470421234446,buy,0.0110209,3063
856,1722470421246228,buy,0.0110211,31289
857,1722470421253805,sell,0.0110225,6841
858,1722470421259254,buy,0.0110226,36229
859,1722470421259254,buy,0.0110226,15592
860,1722470421420478,sell,0.0110225,21148
861,1722470421457510,sell,0.0110217,3428
862,1722470421709887,sell,0.0110217,3463
863,1722470421735746,sell,0.0110217,151550
864,1722470421735747,sell,0.0110217,1498
865,1722470421963030,sell,0.0110209,3500
866,1722470421972465,sell,0.0110219,6841
867,1722470421972471,sell,0.0110219,6841
868,1722470421972475,sell,0.0110219,907
869,1722470422092100,buy,0.0110226,34343
870,1722470422096259,buy,0.0110235,98286
871,1722470422191523,buy,0.0110246,2903
872,1722470422193256,buy,0.0110246,21551
873,1722470422193258,buy,0.0110246,1497
874,1722470422194781,buy,0.0110248,1497
875,1722470422210919,buy,0.0110251,455
876,1722470422210921,buy,0.0110256,1749
877,1722470422210922,buy,0.0110256,54591
878,1722470422212863,buy,0.0110259,1497
879,1722470422212864,buy,0.011026,91990
880,1722470422253833,buy,0.0110262,455
881,1722470422253877,buy,0.0110262,8966
882,1722470422262805,buy,0.0110265,455
883,1722470422262806,buy,0.0110266,749
884,1722470422283284,buy,0.0110267,26484
885,1722470422283285,buy,0.0110267,86440
886,1722470422283286,buy,0.0110267,57988
887,1722470422283287,buy,0.0110268,998
888,1722470422283288,buy,0.0110268,1748
889,1722470422283321,buy,0.011027,1497
890,1722470422283322,buy,0.011027,725
891,1722470422328614,buy,0.0110279,11164
892,1722470422328615,buy,0.011028,1748
893,1722470422328616,buy,0.0110281,1497
894,1722470422328616,buy,0.0110282,455
895,1722470422328712,buy,0.0110285,463
896,1722470422360622,buy,0.0110285,15181
897,1722470422360632,buy,0.0110285,39420
898,1722470422360634,buy,0.0110287,455
899,1722470422360634,buy,0.0110288,712
900,1722470422360634,buy,0.011029,38204
901,1722470422360635,buy,0.011029,8740
902,1722470422360636,buy,0.0110292,1497
903,1722470422360637,buy,0.0110292,1748
904,1722470422401755,buy,0.0110297,455
905,1722470422401757,buy,0.0110298,25786
906,1722470422401757,buy,0.0110299,455
907,1722470422401758,buy,0.0110301,1497
908,1722470422401758,buy,0.0110302,7804
909,1722470422410815,sell,0.0110296,9851
910,1722470422614988,sell,0.0110303,1908
911,1722470422764584,buy,0.0110304,1748
912,1722470422764590,buy,0.0110304,2133
913,1722470422764591,buy,0.0110304,2133
914,1722470422764591,buy,0.0110304,17951
915,1722470422764597,buy,0.0110304,45126
916,1722470422764598,buy,0.0110304,1826
917,1722470422764603,buy,0.0110304,1496
918,1722470422764604,buy,0.0110307,17951
919,1722470422764605,buy,0.0110308,8966
920,1722470422764613,buy,0.011031,26473
921,1722470422813616,buy,0.0110311,455
922,1722470422813618,buy,0.0110312,1190
923,1722470422813619,buy,0.0110312,17936
924,1722470422813620,buy,0.0110313,909
925,1722470422862215,buy,0.0110318,1766
926,1722470422862216,buy,0.0110318,4624
927,1722470423014760,sell,0.0110317,6210
928,1722470423014760,sell,0.0110317,8926
929,1722470423014761,sell,0.0110317,10090
930,1722470423014762,sell,0.0110317,1496
931,1722470423056069,buy,0.0110307,9069
932,1722470423234919,buy,0.0110307,1496
933,1722470423257045,buy,0.0110314,3793
934,1722470423274893,sell,0.0110318,2397
935,1722470423313743,sell,0.0110318,2636
936,1722470423340921,buy,0.0110319,455
937,1722470423340921,buy,0.0110319,909
938,1722470423340923,buy,0.0110322,323696
939,1722470423343073,buy,0.0110322,161276
940,1722470423358915,buy,0.0110324,455
941,1722470423358917,buy,0.0110325,1496
942,1722470423358921,buy,0.0110328,455
943,1722470423358929,buy,0.0110329,54601
944,1722470423386356,buy,0.0110331,463
945,1722470423386356,buy,0.0110333,712
946,1722470423386357,buy,0.0110333,748
947,1722470423386357,buy,0.0110333,50322
948,1722470423386603,buy,0.0110333,590025
949,1722470423407514,buy,0.0110335,455
950,1722470423407515,buy,0.0110335,17945
951,1722470423408548,buy,0.0110336,1496
952,1722470423424230,buy,0.0110338,44607
953,1722470423446909,buy,0.011034,1746
954,1722470423446910,buy,0.0110342,1040
955,1722470423470952,buy,0.0110346,455
956,1722470423470957,buy,0.0110347,1496
957,1722470423470959,buy,0.0110347,2248
958,1722470423471719,buy,0.0110352,1746
959,1722470423496212,buy,0.0110354,1746
960,1722470423496218,buy,0.0110354,2453
961,1722470423496219,buy,0.0110354,6513
962,1722470423496220,buy,0.0110356,21043
963,1722470423498881,buy,0.0110356,20490
964,1722470423514610,buy,0.0110356,4198
965,1722470423514613,sell,0.0110354,4670
966,1722470423514613,sell,0.0110354,17607
967,1722470423524150,buy,0.0110358,1496
968,1722470423524152,buy,0.0110358,957
969,1722470423524153,buy,0.0110358,540
970,1722470423524153,buy,0.0110358,455
971,1722470423524154,buy,0.0110359,751
972,1722470423524154,buy,0.0110359,9249
973,1722470423524155,buy,0.011036,455
974,1722470423524156,buy,0.011036,725
975,1722470423524156,buy,0.0110363,749
976,1722470423524162,buy,0.0110363,16378
977,1722470423544723,buy,0.0110363,9704
978,1722470423544726,buy,0.0110363,2703
979,1722470423544734,buy,0.0110363,953
980,1722470423544734,buy,0.0110364,16899
981,1722470423546134,buy,0.0110364,1052
982,1722470423546134,buy,0.0110365,20934
983,1722470423556738,buy,0.0110365,9704
984,1722470423563246,buy,0.0110365,159
985,1722470423563251,buy,0.0110369,1496
986,1722470423590939,buy,0.0110372,17938
987,1722470423598057,buy,0.0110375,17951
988,1722470423598057,buy,0.0110375,9422
989,1722470423598058,buy,0.0110375,464
990,1722470423598059,buy,0.0110375,845
991,1722470423598060,buy,0.0110375,481
992,1722470423598060,buy,0.0110375,1216
993,1722470423616251,buy,0.0110376,454
994,1722470423616259,buy,0.0110378,712
995,1722470423616264,buy,0.0110379,17094
996,1722470423624288,buy,0.0110379,842
997,1722470423624296,buy,0.011038,1496
998,1722470423624296,buy,0.0110381,17482
999,1722470423626153,buy,0.0110381,454
1000,1722470423626154,buy,0.0110383,36691
1001,1722470423626158,buy,0.0110383,14870
1002,1722470423626158,buy,0.0110384,17951
1003,1722470423626168,buy,0.0110384,881
1004,1722470423626185,buy,0.0110385,974
1005,1722470423725648,sell,0.0110387,731
1006,1722470423734752,sell,0.0110387,719
1007,1722470423748214,sell,0.0110387,675
1008,1722470423783248,sell,0.0110387,820
1009,1722470423794394,sell,0.0110387,497
1010,1722470423796676,buy,0.0110388,21024
1011,1722470423796678,buy,0.0110388,1495
1012,1722470423796678,buy,0.011039,1189
1013,1722470423796682,buy,0.0110391,454
1014,1722470423796687,buy,0.0110391,6205
1015,1722470423796689,buy,0.0110392,17945
1016,1722470423808814,buy,0.0110393,453
1017,1722470423808819,buy,0.0110394,454
1018,1722470423808820,buy,0.0110395,17281
1019,1722470423808829,buy,0.0110398,17939
1020,1722470423808830,buy,0.01104,748
1021,1722470423808831,buy,0.01104,4031
1022,1722470423808859,buy,0.01104,8966
1023,1722470423808859,buy,0.01104,1168
1024,1722470423808860,buy,0.01104,578
1025,1722470423808865,buy,0.01104,6866
1026,1722470423808870,buy,0.01104,860
1027,1722470423808871,buy,0.0110402,1495
1028,1722470423808873,buy,0.0110403,97343
1029,1722470423814127,buy,0.0110403,7409
1030,1722470423814128,buy,0.0110406,45089
1031,1722470423829531,sell,0.0110405,25077
1032,1722470423829584,buy,0.0110406,640
1033,1722470423865874,sell,0.0110407,15179
1034,1722470423877325,sell,0.0110407,5820
1035,1722470423877325,sell,0.0110407,1253
1036,1722470423927665,sell,0.0110407,8487
1037,1722470423927668,sell,0.0110407,79603
1038,1722470424007060,buy,0.0110408,1228
1039,1722470424007070,buy,0.0110408,1495
1040,1722470424007070,buy,0.0110409,454
1041,1722470424007071,buy,0.0110409,531
1042,1722470424013503,sell,0.0110412,16367
1043,1722470424042365,sell,0.0110412,2178
1044,1722470424042381,sell,0.0110412,456
1045,1722470424042381,sell,0.0110412,456
1046,1722470424235588,buy,0.0110413,59958
1047,1722470424257297,buy,0.0110413,12447
1048,1722470424257298,buy,0.0110413,10051
1049,1722470424260468,sell,0.0110412,16568
1050,1722470424327055,buy,0.0110413,2892
1051,1722470424431073,sell,0.0110412,4962
1052,1722470424431076,sell,0.0110412,6285
1053,1722470424431081,sell,0.0110412,1495
1054,1722470424431082,sell,0.0110412,476
1055,1722470424433093,sell,0.0110407,213791
1056,1722470424436467,sell,0.0110407,323435
1057,1722470424436481,sell,0.01104,720
1058,1722470424516442,sell,0.0110392,3933
1059,1722470424516442,sell,0.0110392,12842
1060,1722470424631066,buy,0.0110393,6286
1061,1722470424631067,buy,0.0110393,121
1062,1722470424765216,sell,0.0110402,16987
1063,1722470425114186,sell,0.0110403,23436
1064,1722470425114186,sell,0.0110403,147261
1065,1722470425114187,sell,0.0110402,79027
1066,1722470425115401,sell,0.0110394,44136
1067,1722470425115404,sell,0.0110393,45312
1068,1722470425115418,sell,0.0110393,89268
1069,1722470425115419,sell,0.0110393,17298
1070,1722470425115420,sell,0.0110392,10035
1071,1722470425116305,sell,0.0110386,46387
1072,1722470425121145,sell,0.0110389,47152
1073,1722470425121949,sell,0.0110385,176417
1074,1722470425121956,sell,0.0110379,90439
1075,1722470425121956,sell,0.0110378,134975
1076,1722470425203008,sell,0.0110371,909
1077,1722470425203008,sell,0.0110371,849
1078,1722470425203009,sell,0.0110371,56910
1079,1722470425203024,sell,0.0110371,8351
1080,1722470425239136,buy,0.0110372,13207
1081,1722470425239137,buy,0.0110372,3804
1082,1722470425239139,buy,0.0110372,6200
1083,1722470425239140,buy,0.0110372,46976
1084,1722470425239141,buy,0.0110372,12937
1085,1722470425239146,buy,0.0110372,7493
1086,1722470425239148,buy,0.0110372,2255
1087,1722470425244630,buy,0.0110372,16620
1088,1722470425244632,buy,0.0110372,7174
1089,1722470425244638,buy,0.0110372,6781
1090,1722470425540941,sell,0.0110371,40574
1091,1722470425540944,sell,0.0110371,79027
1092,1722470425540946,sell,0.0110371,5221
1093,1722470425540947,sell,0.0110371,714
1094,1722470425540949,sell,0.0110371,1495
1095,1722470425599597,buy,0.0110353,42471
1096,1722470425599601,buy,0.0110353,45126
1097,1722470425599604,buy,0.0110353,39267
1098,1722470425862767,sell,0.0110352,1744
1099,1722470425865936,sell,0.011035,712
1100,1722470426234793,buy,0.0110344,52245
1101,1722470426235868,buy,0.0110344,95409
1102,1722470426256656,buy,0.0110344,36917
1103,1722470426288330,sell,0.0110343,46506
1104,1722470426288333,sell,0.0110343,45126
1105,1722470426288333,sell,0.0110343,89787
1106,1722470426440948,sell,0.0110343,14245
1107,1722470426440950,sell,0.0110343,476
1108,1722470426440951,sell,0.0110343,45126
1109,1722470426440952,sell,0.0110343,1496
1110,1722470426440956,sell,0.0110342,45126
1111,1722470426440960,sell,0.0110341,13928
1112,1722470426440970,sell,0.011034,1744
1113,1722470426440983,sell,0.011034,59276
1114,1722470426507163,sell,0.0110338,90439
1115,1722470426507167,sell,0.0110333,748
1116,1722470426507168,sell,0.0110329,1496
1117,1722470426507168,sell,0.0110328,1745
1118,1722470426507169,sell,0.0110327,46707
1119,1722470426507172,sell,0.0110326,19740
1120,1722470426507172,sell,0.0110323,25786
1121,1722470426507183,sell,0.0110322,18540
1122,1722470426507185,sell,0.0110322,18222
1123,1722470426518639,sell,0.011032,60000
1124,1722470426649394,sell,0.011032,16049
1125,1722470426649398,sell,0.011032,1496
1126,1722470426649399,sell,0.0110317,455
1127,1722470426649400,sell,0.0110317,48946
1128,1722470426649401,sell,0.0110312,1190
1129,1722470426649407,sell,0.0110312,59430
1130,1722470426649407,sell,0.0110307,1496
1131,1722470426649408,sell,0.0110306,1812
1132,1722470426649411,sell,0.0110305,712
1133,1722470426649414,sell,0.0110304,1745
1134,1722470426649416,sell,0.01103,48200
1135,1722470426651353,sell,0.01103,35130
1136,1722470426651353,sell,0.0110299,46643
1137,1722470426651371,sell,0.0110298,768
1138,1722470426652349,sell,0.0110301,16620
1139,1722470426652350,sell,0.0110301,27842
1140,1722470426652350,sell,0.0110298,22488
1141,1722470426661132,sell,0.0110307,32040
1142,1722470426688369,sell,0.0110307,3632
1143,1722470426688371,sell,0.0110307,9083
1144,1722470426688371,sell,0.0110307,9083
1145,1722470426688372,sell,0.0110307,27251
1146,1722470426688381,sell,0.0110307,18167
1147,1722470426688395,sell,0.0110307,18167
1148,1722470426688398,sell,0.0110307,18167
1149,1722470426688398,sell,0.0110307,9083
1150,1722470426688398,sell,0.0110307,3632
1151,1722470426688399,sell,0.0110307,18167
1152,1722470426688403,sell,0.0110307,9083
1153,1722470426688406,sell,0.0110307,9083
1154,1722470426688407,sell,0.0110307,9083
1155,1722470426688413,sell,0.0110307,13625
1156,1722470426688414,sell,0.0110307,6225
1157,1722470426703296,buy,0.0110308,1016
1158,1722470426800498,sell,0.0110307,7400
1159,1722470426800500,sell,0.0110307,13625
1160,1722470426800500,sell,0.0110307,5449
1161,1722470426800501,sell,0.0110307,4541
1162,1722470426801698,sell,0.0110307,18167
1163,1722470426801700,sell,0.0110307,27251
1164,1722470426801707,sell,0.0110307,3632
1165,1722470426801716,sell,0.0110307,3632
1166,1722470426801717,sell,0.0110307,9083
1167,1722470426801721,sell,0.0110307,9083
1168,1722470426801722,sell,0.0110307,9083
1169,1722470426801725,sell,0.0110307,9083
1170,1722470426801727,sell,0.0110307,9083
1171,1722470426801734,sell,0.0110307,9083
1172,1722470426801735,sell,0.0110307,18167
1173,1722470426801736,sell,0.0110307,6111
1174,1722470426801740,sell,0.0110307,7514
1175,1722470426802863,sell,0.0110307,18167
1176,1722470426802871,sell,0.0110307,18167
1177,1722470426802871,sell,0.0110307,1496
1178,1722470426802871,sell,0.0110301,90836
1179,1722470426802872,sell,0.0110296,1496
1180,1722470426802896,sell,0.0110296,23572
1181,1722470426802897,sell,0.0110294,1496
1182,1722470426802897,sell,0.0110292,1745
1183,1722470426802898,sell,0.011029,17042
1184,1722470426817845,sell,0.0110291,19058
1185,1722470426825589,sell,0.0110292,28581
1186,1722470427100005,buy,0.0110282,1497
1187,1722470427100007,buy,0.0110284,31289
1188,1722470427164437,buy,0.0110296,67995
1189,1722470427164440,buy,0.0110296,40797
1190,1722470427172512,buy,0.0110304,165465
1191,1722470427187107,buy,0.0110304,12390
1192,1722470427193997,buy,0.0110311,25786
1193,1722470427234802,buy,0.0110319,909
1194,1722470427235740,buy,0.0110319,122372
1195,1722470427235742,buy,0.0110319,20019
1196,1722470427299850,buy,0.0110321,75927
1197,1722470427299850,buy,0.0110321,101286
1198,1722470427299864,buy,0.0110321,54586
1199,1722470427299866,buy,0.0110321,1496
1200,1722470427303616,buy,0.0110325,1496
1201,1722470427307601,buy,0.0110333,712
1202,1722470427314357,sell,0.0110335,14476
1203,1722470427481998,buy,0.0110345,98488
1204,1722470427648624,buy,0.0110345,3361
1205,1722470427687627,buy,0.0110345,50002
1206,1722470427688658,buy,0.0110345,6741
1207,1722470427688660,buy,0.0110345,215232
1208,1722470427688680,buy,0.0110345,1496
1209,1722470427688693,buy,0.0110345,54586
1210,1722470427724178,buy,0.011036,10000
1211,1722470427724183,buy,0.011036,45126
1212,1722470427724187,buy,0.0110361,53216
1213,1722470427724191,buy,0.0110361,21948
1214,1722470427724194,buy,0.0110362,86394
1215,1722470427724197,buy,0.0110362,108342
1216,1722470427724206,buy,0.0110362,108352
1217,1722470427725147,buy,0.0110362,108342
1218,1722470427725151,buy,0.0110362,108342
1219,1722470427726644,buy,0.0110362,108342
1220,1722470427726645,buy,0.0110362,108342
1221,1722470427726647,buy,0.0110364,1746
1222,1722470427726657,buy,0.0110364,17951
1223,1722470427726657,buy,0.0110369,1496
1224,1722470427726657,buy,0.011037,5157
1225,1722470427726658,buy,0.0110372,6456
1226,1722470427726658,buy,0.0110375,17951
1227,1722470427726658,buy,0.0110375,18222
1228,1722470427726659,buy,0.0110376,1745
1229,1722470427726659,buy,0.0110377,463
1230,1722470427726661,buy,0.0110378,712
1231,1722470427726663,buy,0.0110378,36230
1232,1722470427726667,buy,0.011038,213
1233,1722470427726668,buy,0.011038,1283
1234,1722470427726669,buy,0.0110381,5157
1235,1722470427726671,buy,0.0110382,19740
1236,1722470427726672,buy,0.0110386,45672
1237,1722470427726677,buy,0.0110386,36490
1238,1722470427726678,buy,0.0110386,10468
1239,1722470427726679,buy,0.0110387,49917
1240,1722470427726679,buy,0.0110388,1745
1241,1722470427726680,buy,0.0110388,46212
1242,1722470427834442,buy,0.0110377,26166
1243,1722470427880086,buy,0.0110377,34217
1244,1722470427880088,buy,0.0110377,172338
1245,1722470427930895,buy,0.011039,1189
1246,1722470428131644,buy,0.0110391,997
1247,1722470428235731,buy,0.0110391,44129
1248,1722470428235734,buy,0.0110391,47343
1249,1722470428241977,buy,0.0110391,2824
1250,1722470428241980,buy,0.0110391,4531
1251,1722470428241981,buy,0.0110391,997
1252,1722470428241985,buy,0.0110391,19079
1253,1722470428421083,sell,0.011039,31205
1254,1722470428882576,sell,0.011039,998
1255,1722470428882583,sell,0.011039,4465
1256,1722470428949620,sell,0.011039,1661
1257,1722470428949621,sell,0.011039,27839
1258,1722470428949622,sell,0.011039,1495
1259,1722470429110957,buy,0.0110375,5040
1260,1722470429236478,sell,0.0110374,909
1261,1722470429236481,sell,0.0110374,13602
1262,1722470429237681,buy,0.0110375,3118
1263,1722470429237685,buy,0.0110375,9558
1264,1722470429237688,buy,0.0110375,21135
1265,1722470429256209,buy,0.0110379,4670
1266,1722470429256209,buy,0.0110379,23311
1267,1722470429353000,sell,0.0110378,21414
1268,1722470429671389,sell,0.0110378,2083
1269,1722470429690380,sell,0.0110375,88017
1270,1722470429690387,sell,0.0110375,1495
1271,1722470430066727,sell,0.0110355,3217
1272,1722470430066729,sell,0.0110355,1496
1273,1722470430066729,sell,0.0110345,7595
1274,1722470430184048,sell,0.0110343,18119
1275,1722470430241530,buy,0.0110344,34684
1276,1722470430376575,sell,0.0110343,72320
1277,1722470430376577,sell,0.0110343,3080
1278,1722470430376578,sell,0.0110343,1496
1279,1722470430376585,sell,0.0110343,14402
1280,1722470430379679,sell,0.011034,1496
1281,1722470430495430,sell,0.0110332,25397
1282,1722470430585253,sell,0.0110318,2167
1283,1722470430602243,sell,0.0110318,18480
1284,1722470430869392,buy,0.0110324,6248
1285,1722470431069776,sell,0.0110331,1499
1286,1722470431242863,buy,0.0110332,34460
1287,1722470431350869,buy,0.0110352,2009
1288,1722470431426711,sell,0.0110351,45420
1289,1722470431426718,sell,0.0110351,99076
1290,1722470431426720,sell,0.0110351,21899
1291,1722470431426721,sell,0.0110351,108457
1292,1722470431568930,buy,0.0110352,54579
1293,1722470431568935,buy,0.0110352,45126
1294,1722470431568935,buy,0.0110352,16620
1295,1722470431568936,buy,0.0110352,22473
1296,1722470431568936,buy,0.0110352,8471
1297,1722470431568936,buy,0.0110352,8433
1298,1722470432109152,sell,0.0110351,653
1299,1722470432195161,sell,0.0110351,2364
1300,1722470432195163,sell,0.0110351,1103
1301,1722470432195165,sell,0.0110351,16620
1302,1722470432195170,sell,0.0110351,26767
1303,1722470432195172,sell,0.0110348,4670
1304,1722470432195176,sell,0.011034,1496
1305,1722470432195180,sell,0.0110338,81675
1306,1722470432309030,buy,0.0110351,4789
1307,1722470432465660,buy,0.0110351,12710
1308,1722470432465664,buy,0.0110351,555
1309,1722470432465664,buy,0.0110351,1496
1310,1722470432466725,buy,0.0110352,4547
1311,1722470432466726,buy,0.0110354,31289
1312,1722470432466727,buy,0.0110356,43286
1313,1722470432625034,sell,0.011037,24102
1314,1722470432765504,buy,0.0110371,40771
1315,1722470432765505,buy,0.0110371,54579
1316,1722470432765506,buy,0.0110371,1495
1317,1722470432829482,buy,0.0110378,712
1318,1722470432854991,buy,0.0110391,948
1319,1722470432943615,buy,0.0110391,10642
1320,1722470432943625,buy,0.0110391,4531
1321,1722470432943625,buy,0.0110391,4531
1322,1722470432943626,buy,0.0110391,54579
1323,1722470432943630,buy,0.0110391,1495
1324,1722470432943632,buy,0.0110392,48319
1325,1722470432971047,sell,0.0110391,10965
1326,1722470432995139,sell,0.0110391,1000
1327,1722470433106083,sell,0.0110391,9062
1328,1722470433110150,sell,0.0110391,1000
1329,1722470433163043,sell,0.0110391,1049
1330,1722470434162613,sell,0.0110391,58273
1331,1722470434162613,sell,0.0110391,627
1332,1722470434162613,sell,0.0110391,520091
1333,1722470434162614,sell,0.0110391,15964
1334,1722470434162614,sell,0.0110391,6117
1335,1722470434162615,sell,0.0110391,14401
1336,1722470434162617,sell,0.0110391,1655
1337,1722470434163531,sell,0.0110378,34999
1338,1722470434163536,sell,0.0110378,909
1339,1722470434163536,sell,0.0110373,25786
1340,1722470434163537,sell,0.0110372,25786
1341,1722470434308560,sell,0.011037,1002
1342,1722470434308563,sell,0.011037,3053
1343,1722470434308573,sell,0.011037,1495
1344,1722470434563629,buy,0.0110367,29109
1345,1722470434563631,buy,0.0110367,165903
1346,1722470434563631,buy,0.0110367,2137
1347,1722470434563634,buy,0.0110367,99076
1348,1722470434563635,buy,0.0110367,1496
1349,1722470434563640,buy,0.0110367,14440
1350,1722470434563641,buy,0.0110368,48930
1351,1722470435514954,buy,0.0110367,3048
1352,1722470435597231,sell,0.0110366,48926
1353,1722470435597232,sell,0.0110366,954
1354,1722470435597232,sell,0.0110366,1239
1355,1722470435597234,sell,0.0110366,4848
1356,1722470435597241,sell,0.0110366,1496
1357,1722470435603906,sell,0.0110352,52245
1358,1722470435603907,sell,0.0110351,1495
1359,1722470435603907,sell,0.011035,5568
1360,1722470435750161,sell,0.0110357,34999
1361,1722470435750163,sell,0.0110357,45126
1362,1722470435750163,sell,0.0110356,55781
1363,1722470435789129,sell,0.0110357,9002
1364,1722470435811127,sell,0.0110357,36124
1365,1722470435811128,sell,0.0110357,9002
1366,1722470435811134,sell,0.0110356,4737
1367,1722470435811135,sell,0.0110356,45126
1368,1722470435811135,sell,0.011035,55333
1369,1722470435811136,sell,0.0110346,908
1370,1722470435812880,sell,0.0110344,90439
1371,1722470435816764,sell,0.0110329,108758
1372,1722470435817893,sell,0.0110329,63580
1373,1722470435820981,sell,0.0110324,6505
1374,1722470435820982,sell,0.0110324,45038
1375,1722470435820982,sell,0.0110324,52498
1376,1722470435820983,sell,0.0110323,2446
1377,1722470435820983,sell,0.0110322,97023
1378,1722470435820984,sell,0.0110322,38809
1379,1722470435838726,sell,0.0110319,60000
1380,1722470435892381,sell,0.0110319,30468
1381,1722470436189552,sell,0.0110312,1190
1382,1722470436189561,sell,0.0110312,7951
1383,1722470436274142,sell,0.0110312,10215
1384,1722470436274145,sell,0.0110312,3632
1385,1722470436274148,sell,0.0110312,18166
1386,1722470436274151,sell,0.0110312,18166
1387,1722470436274154,sell,0.0110312,9083
1388,1722470436274156,sell,0.0110312,13624
1389,1722470436274159,sell,0.0110312,9083
1390,1722470436274168,sell,0.0110312,3632
1391,1722470436274168,sell,0.0110312,13624
1392,1722470436274169,sell,0.0110312,4541
1393,1722470436274169,sell,0.0110312,13624
1394,1722470436274170,sell,0.0110312,5449
1395,1722470436274170,sell,0.0110312,9083
1396,1722470436274171,sell,0.0110312,9083
1397,1722470436274171,sell,0.0110312,9083
1398,1722470436274173,sell,0.0110312,18166
1399,1722470436274179,sell,0.0110312,27249
1400,1722470436274180,sell,0.0110312,9083
1401,1722470436274180,sell,0.0110312,1496
1402,1722470436321933,sell,0.0110305,712
1403,1722470436321935,sell,0.0110305,10028
1404,1722470436321971,sell,0.0110305,17223
1405,1722470436321973,sell,0.0110305,9083
1406,1722470436321978,sell,0.0110305,18167
1407,1722470436321981,sell,0.0110305,9083
1408,1722470436321985,sell,0.0110305,9083
1409,1722470436321995,sell,0.0110305,18167
1410,1722470436321996,sell,0.0110305,3632
1411,1722470436322003,sell,0.0110305,9083
1412,1722470436322006,sell,0.0110305,13625
1413,1722470436322011,sell,0.0110305,18167
1414,1722470436322016,sell,0.0110305,18167
1415,1722470436322022,sell,0.0110305,7739
1416,1722470436322038,sell,0.0110305,1344
1417,1722470436322042,sell,0.0110305,9083
1418,1722470436322047,sell,0.0110305,13625
1419,1722470436322051,sell,0.0110305,13625
1420,1722470436322056,sell,0.0110305,562
1421,1722470436322071,sell,0.0110305,4887
1422,1722470436322076,sell,0.0110305,4541
1423,1722470436322081,sell,0.0110304,1745
1424,1722470436322084,sell,0.0110303,27066
1425,1722470436322115,sell,0.0110305,18167
1426,1722470436322121,sell,0.0110305,11127
1427,1722470436322135,sell,0.0110305,7040
1428,1722470436322139,sell,0.0110305,9083
1429,1722470436322143,sell,0.0110305,9083
1430,1722470436322148,sell,0.0110305,18167
1431,1722470436322154,sell,0.0110305,27251
1432,1722470436322159,sell,0.0110303,8716
1433,1722470436322166,sell,0.0110302,67434
1434,1722470436322174,sell,0.0110302,41101
1435,1722470436325120,sell,0.0110292,1745
1436,1722470436325124,sell,0.0110292,17500
1437,1722470436347044,sell,0.0110291,60543
1438,1722470436386733,sell,0.0110291,29896
1439,1722470436386733,sell,0.0110291,1575
1440,1722470436386734,sell,0.0110291,7342
1441,1722470436666284,buy,0.0110288,45315
1442,1722470436666285,buy,0.0110288,56450
1443,1722470436666294,buy,0.0110288,1497
1444,1722470436666305,buy,0.0110288,45126
1445,1722470436666307,buy,0.0110288,477
1446,1722470436666316,buy,0.0110289,34999
1447,1722470436666318,buy,0.011029,13432
1448,1722470436666318,buy,0.011029,31289
1449,1722470436666319,buy,0.0110292,33000
1450,1722470436666320,buy,0.0110292,56450
1451,1722470436666324,buy,0.0110292,16620
1452,1722470436666328,buy,0.0110293,1244
1453,1722470437048645,buy,0.0110293,214066
1454,1722470437048647,buy,0.0110293,73712
1455,1722470437051011,buy,0.0110293,84009
1456,1722470437051022,buy,0.0110293,1497
1457,1722470437055787,buy,0.01103,57119
1458,1722470437175971,buy,0.0110306,4533
1459,1722470437242570,buy,0.0110315,17938
1460,1722470437604267,buy,0.0110316,40790
1461,1722470437604276,buy,0.0110316,102192
1462,1722470437680506,sell,0.0110315,18151
1463,1722470437680506,sell,0.0110315,1496
1464,1722470437791790,sell,0.0110312,3131
1465,1722470437794910,sell,0.0110312,209126
1466,1722470437794914,sell,0.0110312,1496
1467,1722470437929435,sell,0.011031,13052
1468,1722470438010790,sell,0.011031,590
1469,1722470438886175,buy,0.0110311,8815
1470,1722470438886183,buy,0.0110311,476
1471,1722470438886183,buy,0.0110311,856
1472,1722470438886184,buy,0.0110311,30722
1473,1722470438886184,buy,0.0110311,1496
1474,1722470438886185,buy,0.0110313,31289
1475,1722470438886185,buy,0.0110316,20180
1476,1722470438886186,buy,0.0110316,158635
1477,1722470438887301,buy,0.0110316,200466
1478,1722470439241592,buy,0.0110316,14824
1479,1722470439241608,buy,0.0110316,7058
1480,1722470439241609,buy,0.0110316,4535
1481,1722470439241609,buy,0.0110316,6789
1482,1722470439241610,buy,0.0110316,1496
1483,1722470439241611,buy,0.0110316,1019
1484,1722470439570369,sell,0.0110315,10163
1485,1722470439570374,sell,0.0110315,1496
1486,1722470439570374,sell,0.011031,2057
1487,1722470439570375,sell,0.011031,191402
1488,1722470439571792,sell,0.011031,45126
1489,1722470439571819,sell,0.011031,326469
1490,1722470439711932,buy,0.0110316,4535
1491,1722470439711934,buy,0.0110316,1496
1492,1722470439714870,buy,0.0110318,17951
1493,1722470439731009,buy,0.0110319,909
1494,1722470439731011,buy,0.0110319,4535
1495,1722470439743973,buy,0.0110327,17951
1496,1722470439767808,sell,0.0110332,5950
1497,1722470439767812,sell,0.0110332,1005
1498,1722470439844776,sell,0.0110332,1162
1499,1722470440428398,buy,0.0110333,712
1500,1722470440428408,buy,0.0110333,476
1501,1722470440428409,buy,0.0110333,9622
1502,1722470440428414,buy,0.0110333,11050
1503,1722470440428415,buy,0.0110333,1496
1504,1722470440523781,buy,0.011036,6174
1505,1722470440537070,buy,0.011036,3826
1506,1722470440537878,buy,0.011036,1361
1507,1722470440661411,buy,0.0110364,1926
1508,1722470440772246,sell,0.0110363,1749
1509,1722470441099777,sell,0.0110363,1823
1510,1722470441158612,sell,0.0110363,1000
1511,1722470441236415,buy,0.0110364,10000
1512,1722470441236417,buy,0.0110364,31499
1513,1722470441236420,buy,0.0110364,4038
1514,1722470441236422,buy,0.0110364,1908
1515,1722470441292099,sell,0.0110363,9032
1516,1722470441611191,buy,0.0110364,10000
1517,1722470441611196,buy,0.0110364,1496
1518,1722470441616286,buy,0.0110367,5439
1519,1722470441624996,buy,0.0110374,57136
1520,1722470441839546,sell,0.0110377,1730
1521,1722470441841780,buy,0.0110378,712
1522,1722470441841782,buy,0.0110378,19412
1523,1722470441841783,buy,0.0110378,1495
1524,1722470441847383,sell,0.0110387,5949
1525,1722470441847385,sell,0.0110387,5949
1526,1722470441849673,sell,0.0110387,32222
1527,1722470441849675,sell,0.0110387,5229
1528,1722470442234587,buy,0.0110388,4531
1529,1722470442235423,buy,0.0110388,13474
1530,1722470442235443,buy,0.0110388,16620
1531,1722470442235463,buy,0.0110388,35292
1532,1722470442240382,buy,0.0110388,23535
1533,1722470442597082,sell,0.0110387,454
1534,1722470442628134,buy,0.0110388,52245
1535,1722470442631202,buy,0.0110388,52245
1536,1722470442633406,buy,0.0110388,31009
1537,1722470442633414,buy,0.0110388,5269
1538,1722470442633415,buy,0.0110388,15967
1539,1722470442635587,buy,0.0110388,4560
1540,1722470442636507,buy,0.0110388,10961
1541,1722470442636508,buy,0.0110388,4531
1542,1722470442636511,buy,0.0110388,13365
1543,1722470442636520,buy,0.0110388,1495
1544,1722470442636521,buy,0.011039,1189
1545,1722470442767902,sell,0.0110391,9071
1546,1722470443003395,sell,0.011039,27842
1547,1722470443003406,sell,0.011039,20760
1548,1722470443073480,sell,0.011039,9147
1549,1722470443073509,sell,0.011039,48917
1550,1722470443073510,sell,0.0110387,2173
1551,1722470443073511,sell,0.0110387,31356
1552,1722470443073512,sell,0.0110387,5679
1553,1722470443074711,sell,0.0110387,3284
1554,1722470443074713,sell,0.0110387,558354
1555,1722470443074746,sell,0.0110386,45126
1556,1722470443074747,sell,0.0110386,90049
1557,1722470443075533,sell,0.0110386,154995
1558,1722470443075564,sell,0.0110386,118069
1559,1722470443075570,sell,0.0110386,114260
1560,1722470443076861,sell,0.0110386,67512
1561,1722470443076892,sell,0.0110386,37019
1562,1722470443076894,sell,0.0110386,562340
1563,1722470443076896,sell,0.0110386,11686
1564,1722470443078688,sell,0.0110386,155582
1565,1722470443078691,sell,0.0110386,1495
1566,1722470443104900,buy,0.0110379,36544
1567,1722470443104905,buy,0.0110379,16950
1568,1722470443119101,buy,0.0110379,7706
1569,1722470443235897,buy,0.0110373,9071
1570,1722470443235897,buy,0.0110373,42024
1571,1722470443236997,buy,0.0110373,10000
1572,1722470443237002,buy,0.0110373,5256
1573,1722470443237029,buy,0.0110373,11406
1574,1722470443241026,buy,0.0110373,25324
1575,1722470443303079,buy,0.0110373,99076
1576,1722470443303081,buy,0.0110373,45126
1577,1722470443303082,buy,0.0110373,1049
1578,1722470443303083,buy,0.0110373,11622
1579,1722470443609346,sell,0.0110372,909
1580,1722470443609349,sell,0.0110372,671
1581,1722470443684464,sell,0.0110363,4529
1582,1722470443870651,buy,0.0110364,27139
1583,1722470444075097,sell,0.0110363,5921
1584,1722470444075098,sell,0.0110363,675
1585,1722470444075102,sell,0.0110363,22330
1586,1722470444077169,sell,0.0110363,29915
1587,1722470444077172,sell,0.0110363,16620
1588,1722470444077174,sell,0.0110363,17235
1589,1722470444077180,sell,0.0110363,27891
1590,1722470444077193,sell,0.0110363,14306
1591,1722470444082126,buy,0.0110364,24452
1592,1722470444082138,buy,0.0110364,14290
1593,1722470444231914,sell,0.011037,3636
1594,1722470444234943,buy,0.0110371,10000
1595,1722470444234952,buy,0.0110371,12371
1596,1722470444242386,buy,0.0110371,8240
1597,1722470444324706,sell,0.011037,80367
1598,1722470444525394,buy,0.0110371,10000
1599,1722470444525397,buy,0.0110371,32131
1600,1722470444655284,buy,0.0110371,476
1601,1722470444655285,buy,0.0110371,8584
1602,1722470444806185,sell,0.011037,18416
1603,1722470444806187,sell,0.011037,980
1604,1722470444818986,sell,0.0110363,2115
1605,1722470444913265,sell,0.0110363,1000
1606,1722470445065400,sell,0.0110363,2115
1607,1722470445242408,buy,0.0110364,6897
1608,1722470445519646,sell,0.0110363,1473
1609,1722470445759152,buy,0.0110364,875
1610,1722470445872555,sell,0.0110363,883
1611,1722470445993937,buy,0.0110364,2143
1612,1722470445993939,buy,0.0110364,31483
1613,1722470445993939,buy,0.0110364,1496
1614,1722470445993940,buy,0.0110366,9109
1615,1722470445993940,buy,0.0110366,22180
1616,1722470446087966,buy,0.0110371,2367
1617,1722470446182234,buy,0.0110373,13678
1618,1722470446182259,buy,0.0110373,2189
1619,1722470446182260,buy,0.0110373,1495
1620,1722470446186626,sell,0.0110378,5774
1621,1722470446239408,sell,0.0110378,20097
1622,1722470446917160,sell,0.0110378,9032
1623,1722470447087222,sell,0.0110378,27512
1624,1722470447088998,sell,0.0110378,45315
1625,1722470447089003,sell,0.0110378,1219
1626,1722470447241518,buy,0.0110379,816
1627,1722470447241520,buy,0.0110379,3992
1628,1722470447241522,buy,0.0110379,28038
1629,1722470447244543,buy,0.0110379,1000
1630,1722470447913258,sell,0.0110378,1657
1631,1722470447913259,sell,0.0110378,1890
1632,1722470448228065,sell,0.0110378,1569
1633,1722470448228072,sell,0.0110378,593
1634,1722470448228073,sell,0.0110378,3741
1635,1722470448256208,buy,0.0110379,6408
1636,1722470448267212,buy,0.0110379,533
1637,1722470448315717,buy,0.0110379,52030
1638,1722470448602107,sell,0.0110378,102775
1639,1722470448605392,sell,0.0110378,102775
1640,1722470448605394,sell,0.0110378,182844
1641,1722470448607290,sell,0.0110378,44496
1642,1722470448609226,sell,0.0110378,75092
1643,1722470448609229,sell,0.0110378,2011
1644,1722470448609230,sell,0.0110378,476
1645,1722470448609242,sell,0.0110378,1563
1646,1722470448609242,sell,0.0110378,1495
1647,1722470448609243,sell,0.0110378,476
1648,1722470448609244,sell,0.0110378,16214
1649,1722470448609247,sell,0.0110378,1124
1650,1722470448609253,sell,0.0110378,1495
1651,1722470448904405,sell,0.0110363,43778
1652,1722470448907972,sell,0.0110363,7823
1653,1722470448907976,sell,0.0110363,1496
1654,1722470448973990,sell,0.0110359,1016
1655,1722470449240604,buy,0.0110347,12223
1656,1722470449962618,buy,0.0110347,883
1657,1722470450059752,sell,0.0110348,23399
1658,1722470450240267,buy,0.0110349,476
1659,1722470450240269,buy,0.0110349,6939
1660,1722470450286577,buy,0.0110349,6245
1661,1722470450961148,sell,0.0110348,45126
1662,1722470450961148,sell,0.0110348,6914
1663,1722470450961149,sell,0.0110348,52956
1664,1722470450962379,sell,0.0110348,5680
1665,1722470450962380,sell,0.0110348,10932
1666,1722470450962381,sell,0.0110348,1496
1667,1722470450962386,sell,0.0110348,22571
1668,1722470450962387,sell,0.0110348,4281
1669,1722470450963497,sell,0.0110348,3831
1670,1722470450964523,sell,0.0110347,4257
1671,1722470450966501,sell,0.0110347,20444
1672,1722470450966518,sell,0.0110346,107109
1673,1722470450998087,sell,0.0110331,21547
1674,1722470451139414,sell,0.0110331,3670
1675,1722470451237956,buy,0.0110332,4937
1676,1722470451240188,buy,0.0110332,6715
1677,1722470452037232,sell,0.0110331,476
1678,1722470452037248,sell,0.0110331,476
1679,1722470452037275,sell,0.0110331,1496
1680,1722470452207375,buy,0.0110318,699
1681,1722470452484080,sell,0.0110317,90468
1682,1722470452484082,sell,0.0110317,148355
1683,1722470452484083,sell,0.0110317,476
1684,1722470452484083,sell,0.0110317,1496
1685,1722470452484084,sell,0.0110317,5699
1686,1722470452484088,sell,0.0110317,476
1687,1722470452484089,sell,0.0110317,10893
1688,1722470452767319,sell,0.0110312,1190
1689,1722470452767321,sell,0.0110312,44106
1690,1722470452849412,sell,0.0110312,1020
1691,1722470452849414,sell,0.0110312,13624
1692,1722470452849417,sell,0.0110312,18166
1693,1722470452849426,sell,0.0110312,12486
1694,1722470452979027,sell,0.0110312,5680
1695,1722470452979028,sell,0.0110312,3352
1696,1722470452987813,sell,0.0110312,5731
1697,1722470452987829,sell,0.0110312,5983
1698,1722470452989048,sell,0.0110312,3100
1699,1722470452989049,sell,0.0110312,9083
1700,1722470452989049,sell,0.0110312,3632
1701,1722470452989051,sell,0.0110312,13624
1702,1722470452989055,sell,0.0110312,18166
1703,1722470452989060,sell,0.0110312,935
1704,1722470452989061,sell,0.0110312,17231
1705,1722470452989084,sell,0.0110312,13624
1706,1722470452989084,sell,0.0110312,27249
1707,1722470452989085,sell,0.0110312,15497
1708,1722470452990091,sell,0.0110312,35657
1709,1722470452990101,sell,0.0110312,13624
1710,1722470452990103,sell,0.0110312,18166
1711,1722470452990103,sell,0.0110312,18166
1712,1722470452990104,sell,0.0110311,48949
1713,1722470452990106,sell,0.0110311,658970
1714,1722470452990125,sell,0.0110311,206681
1715,1722470452991122,sell,0.0110311,60502
1716,1722470452991125,sell,0.0110311,402568
1717,1722470452994032,sell,0.0110305,712
1718,1722470452994032,sell,0.0110305,362
1719,1722470453193582,buy,0.0110303,4533
1720,1722470453193591,buy,0.0110303,1496
1721,1722470453193593,buy,0.0110305,31289
1722,1722470453198983,buy,0.0110306,4533
1723,1722470453268137,sell,0.0110312,36544
1724,1722470453268144,sell,0.0110312,104618
1725,1722470453694638,buy,0.0110313,1199
1726,1722470453694638,buy,0.0110313,4533
1727,1722470453694639,buy,0.0110313,1496
1728,1722470454011565,sell,0.0110314,45126
1729,1722470454011567,sell,0.0110314,98976
1730,1722470454065358,sell,0.0110314,100
1731,1722470454065372,sell,0.0110314,102775
1732,1722470454065374,sell,0.0110314,45126
1733,1722470454065384,sell,0.0110314,45133
1734,1722470454065386,sell,0.0110313,16620
1735,1722470454065388,sell,0.0110312,4323
1736,1722470454065400,sell,0.0110312,48538
1737,1722470454065401,sell,0.0110312,45126
1738,1722470454065402,sell,0.0110312,7991
1739,1722470454065407,sell,0.0110312,856
1740,1722470454065409,sell,0.0110312,5919
1741,1722470454065409,sell,0.0110306,99076
1742,1722470454065413,sell,0.0110306,102775
1743,1722470454065415,sell,0.0110305,48551
1744,1722470454065419,sell,0.0110305,36231
1745,1722470454066302,sell,0.0110304,56450
1746,1722470454066305,sell,0.0110303,97023
1747,1722470454066305,sell,0.0110303,34999
1748,1722470454066306,sell,0.0110303,52245
1749,1722470454066306,sell,0.0110302,5594
1750,1722470454066307,sell,0.0110302,102775
1751,1722470454066311,sell,0.0110302,99076
1752,1722470454066312,sell,0.0110302,292944
1753,1722470454066315,sell,0.0110302,226832
1754,1722470454066318,sell,0.01103,56450
1755,1722470454066322,sell,0.0110299,36231
1756,1722470454066324,sell,0.0110296,56450
1757,1722470454066337,sell,0.0110295,48288
1758,1722470454066338,sell,0.0110293,35190
1759,1722470454066338,sell,0.0110293,7530
1760,1722470454066339,sell,0.0110293,36231
1761,1722470454066339,sell,0.0110292,1745
1762,1722470454066340,sell,0.0110292,56450
1763,1722470454066341,sell,0.011029,48289
1764,1722470454068353,sell,0.0110288,6337
1765,1722470454068358,sell,0.0110287,119277
1766,1722470454068359,sell,0.0110286,35193
1767,1722470454068363,sell,0.0110286,77932
1768,1722470454069426,sell,0.0110285,19740
1769,1722470454069429,sell,0.0110285,89022
1770,1722470454070404,sell,0.0110285,68719
1771,1722470454074212,sell,0.0110282,23729
1772,1722470454074216,sell,0.0110282,15819
1773,1722470454075109,sell,0.0110282,29307
1774,1722470454075120,sell,0.0110281,455
1775,1722470454080704,sell,0.0110275,36231
1776,1722470454082572,sell,0.0110272,749
1777,1722470454082574,sell,0.0110272,1170
1778,1722470454086856,sell,0.0110269,31751
1779,1722470454089473,sell,0.0110269,4480
1780,1722470454089477,sell,0.0110269,27270
1781,1722470454277079,buy,0.0110267,17499
1782,1722470454277697,buy,0.0110267,1497
1783,1722470454291994,buy,0.0110268,40808
1784,1722470454293490,buy,0.0110268,1497
1785,1722470454293498,buy,0.0110268,1430
1786,1722470454736247,buy,0.011028,21414
1787,1722470455867888,sell,0.0110279,16640
1788,1722470456215829,sell,0.0110279,44733
1789,1722470456215830,sell,0.0110279,4662
1790,1722470456215831,sell,0.0110279,16620
1791,1722470456215831,sell,0.0110279,70066
1792,1722470456564027,sell,0.0110279,1159
1793,1722470456664093,sell,0.0110279,16640
1794,1722470456674934,sell,0.0110279,52245
1795,1722470456676110,sell,0.0110279,99076
1796,1722470456676125,sell,0.0110279,13052
1797,1722470456677985,sell,0.0110279,52245
1798,1722470456678011,sell,0.0110279,62831
1799,1722470456678613,sell,0.0110279,6841
1800,1722470456678614,sell,0.0110279,36245
1801,1722470456680214,sell,0.0110279,62731
1802,1722470456680223,sell,0.0110279,22808
1803,1722470456680227,sell,0.0110279,29437
1804,1722470456681828,sell,0.0110279,4187
1805,1722470456681831,sell,0.0110279,4095
1806,1722470456681833,sell,0.0110279,67427
1807,1722470456682567,sell,0.0110279,99076
1808,1722470456682567,sell,0.0110279,22808
1809,1722470456682568,sell,0.0110279,102775
1810,1722470456700456,sell,0.0110279,92184
1811,1722470456700464,sell,0.0110279,13052
1812,1722470456700465,sell,0.0110279,13052
1813,1722470456719073,sell,0.0110279,52245
1814,1722470456721792,sell,0.0110279,102775
1815,1722470456722736,sell,0.0110279,6587
1816,1722470456722737,sell,0.0110279,477
1817,1722470457171016,buy,0.0110267,3000
1818,1722470457241440,buy,0.0110267,13101
1819,1722470457870541,sell,0.0110266,749
1820,1722470457870543,sell,0.0110266,1746
1821,1722470457870543,sell,0.0110266,578
1822,1722470457870544,sell,0.0110266,2690
1823,1722470457870555,sell,0.0110266,1237
1824,1722470458324990,buy,0.0110267,8070
1825,1722470458324996,buy,0.0110267,528
1826,1722470458324997,buy,0.0110267,1548
1827,1722470458324998,buy,0.0110267,1497
1828,1722470458325008,buy,0.0110267,694
1829,1722470458325011,buy,0.0110267,820
1830,1722470458325011,buy,0.0110269,31289
1831,1722470458329010,sell,0.0110275,5759
1832,1722470458330271,sell,0.0110275,5759
1833,1722470458795406,sell,0.0110279,3123
1834,1722470458936390,sell,0.0110279,8308
1835,1722470459088466,sell,0.0110279,9032
1836,1722470459239992,buy,0.011028,893
1837,1722470459241054,buy,0.011028,9807
1838,1722470459305689,sell,0.0110279,11942
1839,1722470459437969,sell,0.0110279,9178
1840,1722470459437972,sell,0.0110279,501
1841,1722470459437973,sell,0.0110279,10159
1842,1722470459437993,sell,0.0110279,4362
1843,1722470459437994,sell,0.0110279,1497
1844,1722470459437995,sell,0.0110279,2081
1845,1722470459437995,sell,0.0110279,7865
1846,1722470459455886,sell,0.0110266,43654
1847,1722470459737462,buy,0.0110267,27120
1848,1722470459737464,buy,0.0110267,41998
1849,1722470459737464,buy,0.0110267,28966
1850,1722470459737477,buy,0.0110267,27482
1851,1722470459877774,sell,0.0110266,300216
1852,1722470459879096,sell,0.0110266,60142
1853,1722470459879101,sell,0.0110266,1497
1854,1722470459879102,sell,0.0110266,79184
1855,1722470459879713,sell,0.0110264,531
1856,1722470459879714,sell,0.0110263,1497
1857,1722470459892164,sell,0.011026,909
1858,1722470459892164,sell,0.011026,712
1859,1722470459892168,buy,0.0110254,22485
1860,1722470459918188,sell,0.0110253,33242
1861,1722470459918189,sell,0.0110253,2879
1862,1722470459934439,sell,0.0110253,9175
1863,1722470459954713,sell,0.0110253,1000
1864,1722470460507690,sell,0.0110253,13052
1865,1722470460507700,sell,0.0110253,13052
1866,1722470460799284,sell,0.0110253,18039
1867,1722470460799284,sell,0.0110253,18193
1868,1722470460799286,sell,0.0110253,7928
1869,1722470460799291,sell,0.0110253,477
1870,1722470460799292,sell,0.0110253,1497
1871,1722470460799302,sell,0.0110251,29829
1872,1722470460802388,sell,0.0110251,46842
1873,1722470460802390,sell,0.011025,9433
1874,1722470460802391,sell,0.011025,464
1875,1722470460802396,sell,0.011025,846
1876,1722470460802397,sell,0.011025,481
1877,1722470460802399,sell,0.011025,1217
1878,1722470460802402,sell,0.0110241,1497
1879,1722470460802405,sell,0.0110237,5157
1880,1722470460802408,sell,0.0110236,882
1881,1722470460802412,sell,0.0110234,1191
1882,1722470460802413,sell,0.0110234,14633
1883,1722470460819405,sell,0.0110234,37968
1884,1722470460819408,sell,0.0110234,5378
1885,1722470460961149,sell,0.011023,1228
1886,1722470460961157,sell,0.0110223,1040
1887,1722470460961159,sell,0.011022,482
1888,1722470461023656,sell,0.011022,1768
1889,1722470461023657,sell,0.0110216,21240
1890,1722470461096651,sell,0.0110216,4339
1891,1722470461107692,sell,0.0110216,5292
1892,1722470461117441,sell,0.0110216,52245
1893,1722470461119255,sell,0.0110216,16884
1894,1722470461125643,sell,0.0110215,712
1895,1722470461236012,buy,0.0110213,36544
1896,1722470461236014,buy,0.0110213,6253
1897,1722470461236015,buy,0.0110213,42314
1898,1722470461236018,buy,0.0110213,10333
1899,1722470461236019,buy,0.0110213,7403
1900,1722470461236023,buy,0.0110213,4284
1901,1722470461256724,buy,0.0110213,6644
1902,1722470461551024,sell,0.0110212,1766
1903,1722470461551027,sell,0.0110212,9091
1904,1722470461551049,sell,0.0110212,1315
1905,1722470461895356,sell,0.0110212,7776
1906,1722470461895368,sell,0.0110212,9091
1907,1722470461895377,sell,0.0110212,4545
1908,1722470461895378,sell,0.0110212,5426
1909,1722470461962858,buy,0.0110213,11211
1910,1722470462025451,sell,0.0110212,28
1911,1722470462026583,sell,0.0110212,796
1912,1722470462034889,sell,0.0110212,604
1913,1722470462034890,sell,0.0110212,75
1914,1722470462034891,sell,0.0110212,908
1915,1722470462036726,sell,0.0110212,10531
1916,1722470462036727,sell,0.0110212,5880
1917,1722470462037643,sell,0.0110212,3211
1918,1722470462037647,sell,0.0110212,2043
1919,1722470462038914,sell,0.0110212,3362
1920,1722470462039930,sell,0.0110212,3686
1921,1722470462039930,sell,0.0110212,2247
1922,1722470462039931,sell,0.0110212,907
1923,1722470462045301,sell,0.0110212,1391
1924,1722470462045302,sell,0.0110212,1971
1925,1722470462047101,sell,0.0110212,3362
1926,1722470462219410,sell,0.0110212,3758
1927,1722470462219411,sell,0.0110212,5454
1928,1722470462219413,sell,0.0110212,9091
1929,1722470462219418,sell,0.0110212,9091
1930,1722470462219419,sell,0.0110212,4545
1931,1722470462219424,sell,0.0110212,1498
1932,1722470462220642,sell,0.0110207,6215
1933,1722470462247361,buy,0.0110202,36544
1934,1722470462247362,buy,0.0110202,27120
1935,1722470462247364,buy,0.0110202,44126
1936,1722470462247377,buy,0.0110202,28374
1937,1722470462254636,sell,0.0110201,976
1938,1722470462259175,sell,0.01102,749
1939,1722470462259177,sell,0.01102,6879
1940,1722470462259180,sell,0.01102,862
1941,1722470462259184,sell,0.0110198,5534
1942,1722470462259185,sell,0.0110198,12849
1943,1722470462259196,sell,0.0110198,13636
1944,1722470462273192,buy,0.0110199,34346
1945,1722470462279770,sell,0.0110198,13052
1946,1722470462288207,sell,0.0110198,6841
1947,1722470462322598,buy,0.0110199,881
1948,1722470462322600,buy,0.0110201,31289
1949,1722470462322604,buy,0.0110202,4539
1950,1722470462322604,buy,0.0110202,4539
1951,1722470462323265,buy,0.0110202,68363
1952,1722470462323266,buy,0.0110204,31289
1953,1722470462332711,sell,0.0110211,6841
1954,1722470462341349,sell,0.0110211,4864
1955,1722470462341350,sell,0.0110211,5772
1956,1722470462341351,sell,0.0110211,908
1957,1722470462341352,sell,0.0110211,6841
1958,1722470462483098,sell,0.0110211,36236
1959,1722470462483112,sell,0.0110211,36625
1960,1722470462483112,sell,0.0110211,172338
1961,1722470462483113,sell,0.0110211,16620
1962,1722470462483113,sell,0.0110211,3375
1963,1722470462483114,sell,0.0110211,45126
1964,1722470462483115,sell,0.0110211,1498
1965,1722470462483117,sell,0.011021,36233
1966,1722470462483117,sell,0.0110208,48193
1967,1722470462483118,sell,0.0110207,3756
1968,1722470462493692,buy,0.0110208,24710
1969,1722470462859755,buy,0.0110212,4539
1970,1722470462859759,buy,0.0110212,4539
1971,1722470462859760,buy,0.0110212,1498
1972,1722470462859760,buy,0.0110213,45366
1973,1722470462862673,buy,0.011022,115650
1974,1722470462862674,buy,0.0110221,122481
1975,1722470462862675,buy,0.0110221,40827
1976,1722470462862675,buy,0.0110221,75605
1977,1722470462862676,buy,0.0110221,75605
1978,1722470462862695,buy,0.0110221,42404
1979,1722470462862695,buy,0.0110221,33201
1980,1722470462871654,sell,0.0110231,6841
1981,1722470463217060,buy,0.0110232,4539
1982,1722470463217061,buy,0.0110232,1497
1983,1722470463253530,buy,0.011024,71792
1984,1722470463286889,buy,0.0110243,712
1985,1722470463286890,buy,0.0110244,158724
1986,1722470463286890,buy,0.0110244,215411
1987,1722470463286891,buy,0.0110245,455
1988,1722470463297523,buy,0.0110254,6413
1989,1722470463297526,buy,0.0110254,43289
1990,1722470463297557,buy,0.0110255,18398
1991,1722470463313013,buy,0.0110255,26641
1992,1722470463479260,sell,0.0110259,41998
1993,1722470463479261,sell,0.0110259,27120
1994,1722470463479264,sell,0.0110259,141530
1995,1722470463479276,sell,0.0110259,45315
1996,1722470463479282,sell,0.0110259,37796
1997,1722470463479292,buy,0.011026,46425
1998,1722470463481568,buy,0.011026,21850
1999,1722470463481570,buy,0.011026,2128
2000,1722470463481578,buy,0.011026,3288
2001,1722470463481580,buy,0.011026,477
2002,1722470463481580,buy,0.011026,1497
2003,1722470463481588,buy,0.0110265,15272
2004,1722470463481592,buy,0.0110265,57152
2005,1722470463481594,buy,0.0110266,749
2006,1722470463481599,buy,0.011027,1497
2007,1722470463481600,buy,0.0110271,10000
2008,1722470463481603,buy,0.0110272,5157
2009,1722470463481606,buy,0.0110274,46287
2010,1722470463481608,buy,0.0110274,5102
2011,1722470463481624,buy,0.0110274,455
2012,1722470463481629,buy,0.0110274,241226
2013,1722470463482391,buy,0.0110274,122253
2014,1722470463512352,buy,0.0110278,455
2015,1722470463512352,buy,0.0110278,25786
2016,1722470463517491,buy,0.011028,3228
2017,1722470463517492,buy,0.011028,45339
2018,1722470463547593,buy,0.0110282,45035
2019,1722470463617676,buy,0.0110287,7253
2020,1722470463620623,buy,0.0110288,712
2021,1722470463620624,buy,0.0110289,544
2022,1722470463654915,sell,0.0110291,999
2023,1722470463667645,sell,0.0110295,36544
2024,1722470463667645,sell,0.0110295,1807
2025,1722470463667646,sell,0.0110295,17843
2026,1722470463667646,sell,0.0110295,20508
2027,1722470463819907,sell,0.0110288,8341
2028,1722470463911830,buy,0.0110288,1000
2029,1722470464038513,buy,0.0110288,17499
2030,1722470464041654,buy,0.0110289,49315
2031,1722470464041655,buy,0.0110289,2930
2032,1722470464043120,buy,0.0110289,1605
2033,1722470464043121,buy,0.011029,34999
2034,1722470464043183,buy,0.0110296,50426
2035,1722470464043184,buy,0.0110302,6247
2036,1722470464080272,sell,0.0110303,13052
2037,1722470464087920,sell,0.0110303,39193
2038,1722470464087923,sell,0.0110303,11411
2039,1722470464087928,sell,0.0110303,1641
2040,1722470464115583,sell,0.0110303,5746
2041,1722470464158882,buy,0.0110304,1748
2042,1722470464158894,buy,0.0110304,396
2043,1722470464218258,sell,0.0110303,44493
2044,1722470464218267,sell,0.0110303,8721
2045,1722470464218268,sell,0.0110303,160379
2046,1722470464218271,sell,0.0110303,157795
2047,1722470464218279,sell,0.0110298,29885
2048,1722470464218283,sell,0.0110298,15088
2049,1722470464218301,sell,0.0110298,21145
2050,1722470464218306,sell,0.0110293,55000
2051,1722470464218307,sell,0.0110292,32675
2052,1722470464218317,sell,0.0110292,18140
2053,1722470464218325,sell,0.0110292,41096
2054,1722470464230262,sell,0.0110293,7024
2055,1722470464230264,sell,0.0110293,20611
2056,1722470464230269,sell,0.0110293,12599
2057,1722470464230270,sell,0.0110291,35179
2058,1722470464230275,sell,0.0110289,29885
2059,1722470464230277,sell,0.0110289,30946
2060,1722470464230277,sell,0.0110289,61866
2061,1722470464230282,sell,0.0110289,113837
2062,1722470464230284,sell,0.0110288,17499
2063,1722470464230297,sell,0.0110285,55000
2064,1722470464230300,sell,0.0110285,1496
2065,1722470464238768,buy,0.011029,6036
2066,1722470464238771,buy,0.0110292,44186
2067,1722470464238774,buy,0.0110292,44186
2068,1722470464238776,buy,0.0110292,41998
2069,1722470464238777,buy,0.0110293,44186
2070,1722470464238778,buy,0.0110296,35962
2071,1722470464238779,buy,0.0110299,35225
2072,1722470464238787,buy,0.01103,53630
2073,1722470464238788,buy,0.01103,44186
2074,1722470464238789,buy,0.01103,24519
2075,1722470464238790,buy,0.01103,35962
2076,1722470464238790,buy,0.01103,97023
2077,1722470464238791,buy,0.01103,100000
2078,1722470464238791,buy,0.0110302,9003
2079,1722470464238792,buy,0.0110302,5974
2080,1722470464238797,buy,0.0110302,8374
2081,1722470464238798,buy,0.0110303,44280
2082,1722470464238799,buy,0.0110303,34999
2083,1722470464238799,buy,0.0110303,172338
2084,1722470464238801,buy,0.0110303,27842
2085,1722470464238803,buy,0.0110303,45315
2086,1722470464238807,buy,0.0110303,49387
2087,1722470464238807,buy,0.0110303,162045
2088,1722470464238810,buy,0.0110303,17499
2089,1722470464238811,buy,0.0110303,97023
2090,1722470464238813,buy,0.0110303,24519
2091,1722470464238816,buy,0.0110303,52245
2092,1722470464238816,buy,0.0110303,97023
2093,1722470464238821,buy,0.0110303,45126
2094,1722470464238822,buy,0.0110304,4535
2095,1722470464238823,buy,0.0110304,4535
2096,1722470464238823,buy,0.0110304,16620
2097,1722470464238826,buy,0.0110304,53630
2098,1722470464238826,buy,0.0110304,4256
2099,1722470464238829,buy,0.0110304,45126
2100,1722470464238830,buy,0.0110304,44289
2101,1722470464238832,buy,0.0110304,100000
2102,1722470464238834,buy,0.0110304,100000
2103,1722470464238845,buy,0.0110305,73059
2104,1722470464238847,buy,0.0110306,455
2105,1722470464238849,buy,0.0110306,36233
2106,1722470464238852,buy,0.0110308,53630
2107,1722470464238857,buy,0.0110312,1190
2108,1722470464238857,buy,0.0110312,455
2109,1722470464238858,buy,0.0110312,53630
2110,1722470464238858,buy,0.0110314,36233
2111,1722470464238863,buy,0.0110314,29692
2112,1722470464238864,buy,0.0110314,29692
2113,1722470464238864,buy,0.0110314,28790
2114,1722470464238865,buy,0.0110314,25786
2115,1722470464238867,buy,0.0110315,17938
2116,1722470464238885,buy,0.0110315,25786
2117,1722470464238886,buy,0.0110316,1747
2118,1722470464238886,buy,0.0110316,58187
2119,1722470464238887,buy,0.0110316,25786
2120,1722470464238887,buy,0.0110316,29921
2121,1722470464238888,buy,0.0110317,5503
2122,1722470464238888,buy,0.0110317,25786
2123,1722470464238889,buy,0.0110317,29921
2124,1722470464238889,buy,0.0110318,5157
2125,1722470464238890,buy,0.0110318,17951
2126,1722470464238890,buy,0.0110318,1766
2127,1722470464238891,buy,0.0110318,25786
2128,1722470464238905,buy,0.0110319,909
2129,1722470464238906,buy,0.0110319,363479
2130,1722470464238906,buy,0.011032,31365
2131,1722470464238907,buy,0.011032,28992
2132,1722470464238907,buy,0.0110321,77932
2133,1722470464238908,buy,0.0110322,36233
2134,1722470464238911,buy,0.0110323,64226
2135,1722470464238913,buy,0.0110324,17936
2136,1722470464238919,buy,0.0110324,45330
2137,1722470464238920,buy,0.0110327,181673
2138,1722470464238921,buy,0.0110327,17951
2139,1722470464238926,buy,0.0110328,1747
2140,1722470464238927,buy,0.011033,19740
2141,1722470464238934,buy,0.0110331,463
2142,1722470464238935,buy,0.0110331,5157
2143,1722470464238944,buy,0.0110331,176926
2144,1722470464238945,buy,0.0110331,117827
2145,1722470464238945,buy,0.0110332,43329
2146,1722470464238949,buy,0.0110333,712
2147,1722470464238959,buy,0.0110333,748
2148,1722470464238960,buy,0.0110334,56852
2149,1722470464238960,buy,0.0110334,39709
2150,1722470464240531,buy,0.0110283,44186
2151,1722470464240533,buy,0.0110283,8576
2152,1722470464243788,buy,0.011029,1000
2153,1722470464244729,buy,0.011029,13837
2154,1722470464256342,sell,0.0110307,15044
2155,1722470464256344,sell,0.0110307,15044
2156,1722470464260187,sell,0.0110308,194045
2157,1722470464260189,sell,0.0110308,19299
2158,1722470464260190,sell,0.0110308,6841
2159,1722470464264991,sell,0.0110308,10313
2160,1722470464267337,sell,0.0110308,626
2161,1722470464268848,sell,0.0110308,7073
2162,1722470464268848,sell,0.0110308,776
2163,1722470464268848,sell,0.0110308,7849
2164,1722470464270574,sell,0.0110308,907
2165,1722470464273735,sell,0.0110308,861
2166,1722470464303420,sell,0.0110308,92171
2167,1722470464305234,sell,0.0110308,3842
2168,1722470464305234,sell,0.0110308,4878
2169,1722470464305235,sell,0.0110308,38809
2170,1722470464305237,sell,0.0110308,51851
2171,1722470464391149,buy,0.0110301,42079
2172,1722470464391154,buy,0.0110301,10166
2173,1722470464424283,sell,0.0110306,6841
2174,1722470464450826,sell,0.0110306,52245
2175,1722470464450827,sell,0.0110304,52245
2176,1722470464450830,sell,0.01103,52245
2177,1722470464450831,sell,0.01103,44085
2178,1722470464450854,sell,0.01103,1860
2179,1722470464450855,sell,0.0110299,40510
2180,1722470464452630,sell,0.0110299,3575
2181,1722470464514080,sell,0.0110294,52245
2182,1722470464514081,sell,0.0110294,3355
2183,1722470464514081,sell,0.0110294,2627
2184,1722470464514082,sell,0.0110294,50171
2185,1722470464514983,sell,0.0110294,46852
2186,1722470464514985,sell,0.0110294,37456
2187,1722470464604907,sell,0.0110294,2943
2188,1722470464694927,sell,0.0110294,6841
2189,1722470464694927,sell,0.0110294,6841
2190,1722470464739301,sell,0.0110303,635
2191,1722470464742262,sell,0.0110305,635
2192,1722470464743154,sell,0.0110305,5571
2193,1722470464744455,sell,0.0110305,5571
2194,1722470464745395,sell,0.0110305,8339
2195,1722470464854146,sell,0.0110308,16603
2196,1722470465236284,buy,0.0110306,28239
2197,1722470465241453,buy,0.0110306,6794
2198,1722470465587901,buy,0.0110306,3165
2199,1722470466214413,buy,0.0110306,43607
2200,1722470466214415,buy,0.0110306,1496
2201,1722470466214416,buy,0.0110306,624
2202,1722470466214417,buy,0.0110306,1489
2203,1722470466240467,buy,0.0110309,4535
2204,1722470466240468,buy,0.0110309,2538
2205,1722470466275341,buy,0.0110309,1030
2206,1722470466333256,buy,0.0110309,4535
2207,1722470466333256,buy,0.0110309,4535
2208,1722470466333257,buy,0.0110309,2630
2209,1722470466333258,buy,0.0110309,1496
2210,1722470466338479,sell,0.0110318,109722
2211,1722470466338505,sell,0.0110318,9773
2212,1722470466339524,sell,0.0110318,34377
2213,1722470466339544,sell,0.0110318,44150
2214,1722470466339545,sell,0.0110318,61738
2215,1722470466339546,sell,0.0110318,33347
2216,1722470466339546,sell,0.0110318,43284
2217,1722470466340459,sell,0.0110318,99076
2218,1722470466340461,sell,0.0110318,20419
2219,1722470466345427,sell,0.0110318,44148
2220,1722470466345428,sell,0.0110318,43267
2221,1722470466345437,sell,0.0110318,99076
2222,1722470466348065,sell,0.0110318,131229
2223,1722470466351907,sell,0.0110318,39134
2224,1722470466351913,sell,0.0110318,99076
2225,1722470466351914,sell,0.0110317,38410
2226,1722470466355373,sell,0.0110318,99076
2227,1722470466355375,sell,0.0110317,43284
2228,1722470466402398,sell,0.0110313,965
2229,1722470466477732,buy,0.0110314,1496
2230,1722470466487470,buy,0.0110315,7999
2231,1722470466498867,buy,0.0110319,909
2232,1722470466498868,buy,0.0110319,4535
2233,1722470466498869,buy,0.0110319,4535
2234,1722470466506561,buy,0.0110322,25297
2235,1722470466515175,buy,0.0110322,32891
2236,1722470466515178,buy,0.0110325,1496
2237,1722470466530669,sell,0.0110328,23912
2238,1722470466561931,sell,0.0110329,19299
2239,1722470466561934,sell,0.0110329,35193
2240,1722470466561937,sell,0.0110329,2306
2241,1722470466561942,sell,0.0110329,42844
2242,1722470466561949,sell,0.0110329,38498
2243,1722470466589355,sell,0.0110329,64277
2244,1722470466589355,sell,0.0110329,3090
2245,1722470466589356,sell,0.0110329,4233
2246,1722470466589356,sell,0.0110329,16620
2247,1722470466589357,sell,0.0110329,52245
2248,1722470466589357,sell,0.0110329,6536
2249,1722470467042884,buy,0.011033,1000
2250,1722470467240729,buy,0.011033,4535
2251,1722470467240730,buy,0.011033,1478
2252,1722470467370240,buy,0.011033,4535
2253,1722470467370243,buy,0.011033,4535
2254,1722470467370243,buy,0.011033,1496
2255,1722470467373495,buy,0.0110333,712
2256,1722470467373497,buy,0.0110334,75453
2257,1722470467716549,sell,0.0110339,5395
2258,1722470468108055,sell,0.0110339,1500
2259,1722470468141910,buy,0.011034,1746
2260,1722470468141912,buy,0.011034,725
2261,1722470468141913,buy,0.011034,11314
2262,1722470468234068,sell,0.0110339,29378
2263,1722470468234069,sell,0.0110339,1169
2264,1722470468234078,sell,0.0110339,33055
2265,1722470468234079,sell,0.0110339,99076
2266,1722470468244033,buy,0.0110339,3878
2267,1722470468537139,buy,0.0110339,5000
2268,1722470468651080,sell,0.0110339,523
2269,1722470468728021,buy,0.011034,26241
2270,1722470468728023,buy,0.011034,4535
2271,1722470468728030,buy,0.011034,4535
2272,1722470468728032,buy,0.011034,1496
2273,1722470468728770,buy,0.0110342,1040
2274,1722470468728773,buy,0.0110342,34321
2275,1722470468728775,buy,0.0110342,158600
2276,1722470468728778,buy,0.0110342,75524
2277,1722470468728779,buy,0.0110342,75524
2278,1722470468728780,buy,0.0110342,67971
2279,1722470468729864,buy,0.0110343,23501
2280,1722470468729872,buy,0.0110345,189364
2281,1722470468729873,buy,0.0110345,273939
2282,1722470468729873,buy,0.0110346,5387
2283,1722470468729874,buy,0.0110346,52801
2284,1722470468737409,buy,0.0110347,2248
2285,1722470468737409,buy,0.0110349,8519
2286,1722470468737410,buy,0.0110349,14781
2287,1722470468737410,buy,0.0110352,1746
2288,1722470469050550,sell,0.0110353,42106
2289,1722470469050551,sell,0.0110353,1425
2290,1722470469050551,sell,0.0110353,20664
2291,1722470469506552,sell,0.0110352,474
2292,1722470469507722,buy,0.0110353,4670
2293,1722470469507724,buy,0.0110353,1496
2294,1722470469528681,buy,0.0110354,1746
2295,1722470469528682,buy,0.0110354,8966
2296,1722470469528686,buy,0.0110354,745
2297,1722470469528687,buy,0.0110354,3392
2298,1722470469528688,buy,0.0110354,1496
2299,1722470469594947,buy,0.0110363,749
2300,1722470469600112,buy,0.0110364,17951
2301,1722470469604023,buy,0.0110366,52245
2302,1722470469609077,buy,0.0110366,539
2303,1722470469716404,sell,0.0110365,17499
2304,1722470469716407,sell,0.0110365,41830
2305,1722470469716410,sell,0.0110365,102775
2306,1722470469716412,sell,0.0110365,26095
2307,1722470469716415,sell,0.0110365,1496
2308,1722470469716418,sell,0.0110364,53630
2309,1722470469716421,sell,0.0110364,41831
2310,1722470469716424,sell,0.0110364,99076
2311,1722470469716427,sell,0.0110364,12685
2312,1722470469716430,sell,0.0110364,45126
2313,1722470469716432,sell,0.0110363,102775
2314,1722470469716435,sell,0.0110363,41767
2315,1722470469716437,sell,0.0110363,34999
2316,1722470469716440,sell,0.0110363,45126
2317,1722470469716443,sell,0.0110362,28807
2318,1722470469716445,sell,0.0110362,99076
2319,1722470469716448,sell,0.0110362,48929
2320,1722470469716450,sell,0.011036,53630
2321,1722470469716454,sell,0.0110358,56360
2322,1722470469716461,sell,0.0110358,41894
2323,1722470469716462,sell,0.0110357,41899
2324,1722470469716462,sell,0.0110357,90913
2325,1722470469716463,sell,0.0110357,22047
2326,1722470469730374,sell,0.0110357,166
2327,1722470469741198,sell,0.0110357,2381
2328,1722470469744681,sell,0.0110357,1000
2329,1722470469783672,buy,0.0110358,5669
2330,1722470469787414,sell,0.0110357,36699
2331,1722470469979989,sell,0.0110357,42219
2332,1722470469979999,sell,0.0110357,46275
2333,1722470469980004,sell,0.0110357,36314
2334,1722470469980005,sell,0.0110357,1496
2335,1722470469980006,sell,0.0110356,53630
2336,1722470469980006,sell,0.0110355,34999
2337,1722470469980007,sell,0.0110355,102775
2338,1722470469980008,sell,0.0110352,53156
2339,1722470469980011,sell,0.0110352,45021
2340,1722470469980013,sell,0.0110352,11512
2341,1722470469980014,sell,0.0110348,53630
2342,1722470469980017,sell,0.0110347,36234
2343,1722470469980018,sell,0.0110346,25786
2344,1722470469980020,sell,0.0110344,53630
2345,1722470469980022,sell,0.0110344,25786
2346,1722470469980027,sell,0.0110343,25786
2347,1722470469980028,sell,0.0110343,97608
2348,1722470469980028,sell,0.0110342,27505
2349,1722470469980028,sell,0.0110342,29885
2350,1722470469980031,sell,0.0110342,30946
2351,1722470469980032,sell,0.0110342,102775
2352,1722470469980035,sell,0.0110342,25786
2353,1722470469980036,sell,0.0110341,34999
2354,1722470469980038,sell,0.0110341,36234
2355,1722470469980040,sell,0.0110341,25786
2356,1722470469980042,sell,0.0110341,3085
2357,1722470469980044,sell,0.011034,99265
2358,1722470470050497,sell,0.0110348,37077
2359,1722470470243068,sell,0.0110346,42145
2360,1722470470243069,sell,0.0110345,42145
2361,1722470470243070,sell,0.0110344,42148
2362,1722470470243070,sell,0.0110343,42148
2363,1722470470245006,sell,0.0110342,22328
2364,1722470470245013,sell,0.0110341,19824
2365,1722470470245015,sell,0.011034,53630
2366,1722470470245016,sell,0.011034,1496
2367,1722470470245019,sell,0.011034,42152
2368,1722470470245034,sell,0.0110339,102775
2369,1722470470245035,sell,0.0110338,6482
2370,1722470470245036,sell,0.0110336,53630
2371,1722470470245036,sell,0.0110331,102775
2372,1722470470245036,sell,0.011033,110201
2373,1722470470245037,sell,0.011033,25786
2374,1722470470245038,sell,0.0110329,102775
2375,1722470470245040,sell,0.0110329,13913
2376,1722470470245045,sell,0.0110329,1496
2377,1722470470245046,sell,0.0110329,90468
2378,1722470470245056,sell,0.0110329,8596
2379,1722470470245057,sell,0.0110329,36234
2380,1722470470245058,sell,0.0110328,53630
2381,1722470470245059,sell,0.0110327,157452
2382,1722470470313014,sell,0.0110331,7577
2383,1722470470313015,sell,0.0110331,29886
2384,1722470470507044,sell,0.0110331,2703
2385,1722470470507046,sell,0.0110327,53276
2386,1722470470507062,sell,0.0110322,102775
2387,1722470470507063,sell,0.0110318,1496
2388,1722470470507077,sell,0.0110313,117688
2389,1722470470507097,sell,0.0110312,19740
2390,1722470470508488,sell,0.0110312,192820
2391,1722470470508496,sell,0.0110311,6237
2392,1722470470508497,sell,0.0110311,36234
2393,1722470470508497,sell,0.0110308,12856
2394,1722470470508498,sell,0.0110308,463
2395,1722470470508499,sell,0.0110308,100762
2396,1722470470508500,sell,0.0110307,1496
2397,1722470470508501,sell,0.0110307,222413
2398,1722470470508514,sell,0.0110306,36233
2399,1722470470508516,sell,0.0110306,58188
2400,1722470470508516,sell,0.0110305,712
2401,1722470470508524,sell,0.0110304,180000
2402,1722470470508525,sell,0.0110303,454
2403,1722470470508525,sell,0.0110303,40043
2404,1722470470576704,sell,0.0110313,8499
2405,1722470470576705,sell,0.0110313,29359
2406,1722470470590278,sell,0.0110313,12448
2407,1722470470590279,sell,0.0110313,102775
2408,1722470470590280,sell,0.0110313,9083
2409,1722470470590280,sell,0.0110313,18166
2410,1722470470590280,sell,0.0110313,27249
